2430 4274
58 738 110 780 1111
124 737 185 786 [4⁸9]
273 734 409 784 DOMINO
433 733 506 782 MEO
531 735 577 781 ET
602 734 741 784 omnivm
765 731 966 783 THEODOSIO

378 822 539 871 AVOVSTO
564 822 735 872 AVSONIVS
760 820 856 871 Tvvs.

112 932 302 1019 Agricolam
326 930 355 996 si
377 930 463 995 flaua
486 927 583 995 Ceres
608 931 684 994 dare
707 930 832 994 semina
854 933 974 1012 terrae,

158 1019 321 1086 Gradiuus
344 1020 456 1085 iubeat
478 1020 507 1084 si
531 1041 644 1103 capere
668 1041 759 1083 arma
781 1018 908 1103 ducem,

113 1107 246 1176 Soluere
269 1108 308 1173 de
331 1112 428 1192 portu
453 1110 590 1174 classem
613 1107 784 1193 Neptunus
807 1108 976 1173 inermem:

157 1197 272 1263 Fidere
295 1201 363 1262 tam
387 1197 437 1262 fas
461 1201 524 1280 est,
546 1219 644 1280 quam
667 1197 815 1263 dubitare
837 1197 943 1280 nefas3

114 1287 270 1353 Insanum
294 1287 443 1371 quamuis
467 1286 590 1351 hiemet
612 1308 701 1351 mare
724 1286 884 1370 crudaque
907 1286 1007 1351 tellus
1114 1302 1130 1349 a

160 1374 359 1458 Seminibus,
381 1375 469 1440 bello
493 1396 551 1439 nec
575 1375 655 1439 satis
679 1381 756 1459 apta
778 1397 903 1440 manus.

114 1462 173 1529 Nil
196 1463 324 1529 dubites
349 1467 480 1530 auctore
502 1464 600 1529 bono.
645 1463 799 1551 mortalia
822 1468 982 1549 quaerunt

160 1551 349 1618 Consilium.
386 1558 492 1617 certus
514 1553 605 1617 iussa
628 1574 759 1637 capesse
784 1553 843 1618 dei.

116 1640 264 1709 Scribere
286 1663 338 1706 me
362 1641 533 1728 Augustus
555 1640 648 1706 iubet
670 1646 703 1706 et
726 1662 798 1706 mea
821 1641 965 1706 carmina
987 1641 1096 1724 poscit

159 1730 270 1797 Paene
292 1753 426 1817 rogans:
451 1731 570 1797 blando
594 1730 644 1795 uis
667 1730 749 1794 latet
770 1730 916 1815 imperio.
1099 1746 1131 1794 10

115 1819 192 1886 Non
214 1821 320 1886 habeo
343 1820 524 1904 ingenium,
547 1817 667 1885 ansar
689 1819 744 1883 sed
767 1819 875 1884 iussit:
897 1817 1035 1884 habebo.

162 1906 228 1973 Our
250 1931 302 1973 me
325 1930 420 1993 posse
443 1930 572 1995 negem,
595 1931 692 1992 posse
716 1906 802 1992 quod
824 1909 879 1973 ille
902 1906 1020 1990 putat?

115 1996 280 2061 Inualidas
304 1998 390 2061 uires
413 1997 483 2081 ipse
508 1998 629 2061 excitat
652 2001 684 2061 et
706 1997 798 2061 iuuat
819 1997 918 2079 idem,

162 2084 225 2160 Qui
249 2085 352 2148 iubet:
376 2085 568 2168 obsequium
592 2085 714 2149 sufficit
737 2107 807 2151 esse
830 2107 947 2149 meum.

116 2170 192 2237 Non
214 2176 323 2237 tutum
346 2172 491 2237 renuisse
515 2171 583 2238 deo.
620 2174 751 2238 laudata
773 2173 908 2258 pudoris
1099 2189 1132 2236 ro

162 2258 265 2344 Saepe
288 2281 382 2324 mora
405 2264 468 2344 est,
491 2261 640 2344 quotiens
665 2266 778 2327 contra
801 2286 913 2347 parem
937 2260 1076 2326 dubites,

118 2349 204 2425 Quin
227 2348 326 2414 etiam
348 2371 413 2414 non
437 2350 526 2414 iussa
548 2354 667 2434 parant
689 2361 856 2435 erumpere
879 2351 999 2416 dudum

162 2437 322 2504 Carmine
361 2438 433 2522 quis
457 2440 540 2504 nolit
564 2437 713 2505 Caesaris
737 2461 807 2504 esse
831 2441 927 2523 liber,

117 2524 168 2592 Ne
192 2527 277 2592 ierat
298 2527 468 2614 indignum
491 2531 600 2593 uatem
624 2533 816 2612 centumque
841 2531 973 2613 lituras,

162 2615 337 2681 Mutandas
362 2639 489 2703 semper
512 2618 671 2684 deteriore
694 2616 795 2682 nota?
1099 2632 1133 2682 20

117 2703 168 2770 'ru
191 2706 287 2771 modo
310 2708 342 2769 te
365 2707 511 2789 iussisse,
535 2711 628 2790 pater
650 2706 810 2788 Romane,
834 2709 997 2771 memento

163 2793 264 2879 Inque
288 2794 368 2859 meis
392 2795 494 2878 culpis
518 2794 560 2859 da
582 2796 644 2859 tibi
667 2799 704 2860 tu
728 2797 865 2860 ueniam.

58 2954 104 3009 'P
189 2950 243 3005 1111
265 2949 440 3019 Responsiua
458 2950 575 3006 Ausonii
593 2952 629 3006 ad
648 2951 839 3006 Theodosium
858 2951 1020 3022 Augustum
1039 2968 1106 3023 aaa
1130 2954 1133 3021 Ι

118 3021 240 3080 Domino
258 3038 322 3076 meo
336 3025 366 3077 et
380 3021 506 3078 omnium
521 3025 527 3092 Ι
542 3021 732 3079 Theodosium
745 3023 874 3093 Augusto
889 3061 895 3074 .
910 3023 1050 3078 Ausonius
1069 3026 1137 3078 tuus

119 3094 149 3151 P
163 3111 292 3151 raunouo
309 3093 327 3147 a
346 3110 490 3148 avsosivs·
515 3094 541 3147 V
617 3101 631 3148 1
651 3095 818 3164 agricolam:
839 3111 856 3147 a
874 3095 906 3149 ia
923 3111 989 3162 raa,
1008 3111 1079 3164 quac
1096 3110 1137 3148 sc-

119 3170 220 3221 mutar
238 3165 373 3234 rescripto
391 3167 427 3219 al.
452 3164 479 3218 V
548 3164 718 3235 agradiuus
738 3167 773 3220 ol.
794 3168 826 3220 ia
842 3182 898 3221 raa.
926 3164 953 3218 V
1018 3164 1137 3219 lduai-

118 3240 180 3292 tare
204 3236 241 3290 V¹
260 3239 320 3306 (rec.
340 3237 441 3303 cerri!
464 3237 571 3305 nephas
590 3237 635 3302 ΡΙ
651 3253 737 3307 maru.
762 3242 790 3298 >'(-
817 3236 843 3288 V
908 3243 997 3305 oque
1022 3236 1059 3289 V¹
1097 3239 1141 3307 'sl

119 3309 157 3364 ol.
175 3325 246 3363 corr.
271 3307 297 3360 V
367 3307 476 3364 suello
499 3307 534 3362 V¹
556 3314 559 3375 Ι
582 3309 650 3363 abta
673 3307 700 3361 V
768 3305 881 3378 iNillll
901 3307 938 3378 (ci
956 3309 1064 3376 mosot)
1132 3309 1136 3378 Ι

120 3394 233 3452 dubites
256 3395 300 3465 Vl
319 3382 396 3477 boni
418 3397 445 3451 V
504 3392 715 3452 9ilScribere
736 3397 786 3464 ΡΙ
810 3397 885 3468 mea]
904 3397 987 3478 inea
1005 3396 1040 3479 P·
1104 3402 1139 3450 10

119 3466 1141 3610 iuraturus.1lusu‘'ttuuttlueual

120 3614 154 3666 at
170 3611 241 3679 aid.)
265 3609 292 3664 V
314 3609 319 3679 Ι
344 3609 424 3663 iubat
447 3610 474 3663 V
545 3616 578 3665 14
597 3611 670 3682 esse]
690 3611 735 3680 ipe
756 3611 784 3664 P
855 3615 887 3664 16
907 3612 1000 3665 totum
1019 3611 1072 3679 ΡΙ
1097 3626 1141 3665 re·

59 3714 63 3721 ·
121 3680 227 3737 muisse
251 3680 289 3734 V¹
351 3687 384 3737 lo
403 3681 509 3736 cotiens
534 3681 560 3734 V
576 3682 656 3750 quot’
680 3683 707 3735 P
721 3684 725 3748 Ι
741 3681 853 3753 contra]
873 3683 908 3734 π
928 3681 974 3751 ΡΙ
991 3679 1096 3736 diuites
1116 3681 1144 3735 V

70 3826 75 3831 -
178 3757 212 3836 ‚¹⁷
228 3752 345 3836 parant]
365 3768 450 3824 paraq
469 3753 498 3809 P
569 3759 601 3809 18
620 3753 692 3808 liner
712 3754 740 3807 P
810 3758 845 3806 20
864 3751 1041 3826 mulsltandas
1065 3751 1094 3807 V

123 3828 159 3881 at
176 3838 282 3879 imae
303 3822 332 3878 P
397 3829 462 3894 post
480 3828 514 3878 22
534 3823 657 3894 Explicit
675 3825 704 3878 P
