2430 4274
483 550 721 615 -207-

100 713 169 794 ret,
191 709 298 773 simile
320 729 381 773 nos
404 707 443 772 do
466 707 579 773 eodem
598 709 790 774 concinnare
812 711 984 795 praecepit.
1021 733 1119 796 qnam

102 797 330 881 scrupulosum
348 797 411 862 hoc
429 797 512 862 mihi
529 797 637 879 fuerit,
651 798 812 881 intellege.
840 819 945 883 neque
965 801 1119 866 anteferri

101 887 256 952 uolebam
278 907 383 971 neque
406 886 611 969 posthaberi,
634 908 706 950 eum
730 886 868 951 aliorum
892 909 1019 971 quoque
1037 889 1118 954 indi·

101 977 155 1041 cio
179 975 363 1058 detegenda
384 978 471 1039 esset
490 974 633 1039 adulatio
657 975 782 1058 inepta,
805 975 834 1039 si
852 976 1010 1059 cederem,
1032 978 1116 1043 insu
1136 995 1171 1044 ao

102 1063 221 1146 lentie,
243 1065 272 1128 si
290 1067 328 1128 nt
346 1063 493 1128 aemulus
513 1064 697 1128 eminerem.
729 1063 856 1148 suscepi
878 1064 980 1148 igitur
1002 1066 1117 1132 similis

102 1152 269 1219 recusanti
298 1150 500 1235 feliciterque
528 1155 561 1216 et
587 1151 745 1217 obnoxius
773 1152 914 1237 gratiam
942 1154 1032 1218 tenui
1057 1175 1118 1220 nec

103 1241 211 1306 uictor
238 1240 366 1305 offendi.
410 1241 473 1306 hoc
500 1244 570 1305 tum
597 1240 650 1304 die
677 1261 743 1304 uno
771 1244 804 1305 et
830 1241 942 1306 addita
969 1242 1117 1308 lucubra-

102 1331 192 1394 tione
227 1333 439 1414 properatum
473 1330 569 1393 modo
605 1329 690 1393 inter
722 1329 889 1395 liturarios
921 1351 1010 1396 meos
1043 1352 1116 1396 eum

102 1419 311 1502 reperissem,
334 1421 428 1482 tanta
451 1417 532 1482 mihi
556 1417 704 1482 candoris
727 1418 777 1483 tui
800 1423 834 1484 et
856 1420 976 1485 amoris
999 1419 1116 1486 fiducia
1134 1437 1169 1488 20

103 1510 163 1585 est,
181 1509 219 1570 ut
237 1506 404 1572 seueritati
421 1511 498 1571 tuae
515 1526 574 1571 nec
592 1506 726 1570 ridenda
745 1506 978 1574 subtraherem.
1008 1510 1116 1594 accipe

101 1595 205 1680 igitur
227 1594 418 1680 opusculum
441 1596 481 1660 de
503 1595 669 1660 inconexis
693 1594 894 1679 continuum,
918 1596 956 1661 de
979 1597 1116 1664 diuersis

101 1705 219 1767 unum,
246 1682 286 1748 de
309 1684 403 1748 seriis
425 1684 599 1766 ludicrum,
629 1683 668 1747 de
696 1683 801 1747 alieno
829 1688 992 1749 nostrum:
1018 1707 1059 1751 ne
1081 1686 1116 1751 in

103 1773 206 1838 sacris
225 1775 259 1835 et
276 1771 398 1836 fabulis
417 1776 476 1837 aut
493 1772 720 1857 Thyonianum
739 1772 866 1837 mireris
885 1776 943 1837 aut
955 1771 1116 1858 Virbium,

101 1861 196 1925 illnm
220 1860 260 1925 de
277 1860 437 1944 Dionyso,
458 1861 546 1927 hunc
564 1861 604 1926 de
621 1859 805 1945 Hippolyto
822 1860 1046 1927 reformatum.
1082 1867 1115 1927 et
1133 1880 1168 1930 00

101 1949 131 2014 si
153 1948 292 2032 pateris,
318 1953 356 2013 ut
383 1949 515 2014 doceam
538 1949 701 2014 docendus
728 1949 811 2033 ipse,
839 1954 932 2014 cento
961 1950 1039 2034 quid
1062 1952 1114 2036 sit,

101 2036 284 2103 absoluam.
324 2038 424 2102 uariis
449 2037 487 2102 de
510 2038 590 2102 locis
619 2037 831 2121 sensibusque
860 2037 996 2104 diuersis
1020 2061 1115 2124 quae-

101 2126 178 2190 dam
201 2126 355 2191 carminis
379 2130 543 2191 structura
565 2127 735 2209 solidatur,
757 2127 792 2191 in
810 2149 909 2192 unum
929 2149 1060 2193 uersum
1078 2134 1116 2194 nt

101 2219 219 2279 coeant
232 2218 290 2280 aut
304 2216 389 2280 eaesi
408 2215 471 2280 duo
487 2221 544 2280 aut
557 2237 641 2279 unus
656 2219 689 2279 et
703 2236 841 2299 sequens
857 2216 1026 2300 <medius>
1040 2239 1114 2283 cnm

101 2303 219 2368 medio.
255 2324 332 2368 nam
355 2303 435 2368 duos
458 2305 593 2369 iunctim
617 2305 723 2368 locare
742 2305 889 2388 ineptum
909 2311 972 2386 est,
995 2309 1029 2370 et
1046 2310 1113 2372 tres
1133 2325 1167 2374 30

100 2413 169 2456 una
191 2390 274 2456 serie
297 2413 406 2457 merae
429 2413 542 2478 nugae.
584 2392 799 2457 diffinduntur
827 2396 935 2456 autem
963 2415 1021 2477 per
1044 2417 1113 2459 cae-

100 2501 196 2544 suras
219 2500 345 2564 omnes,
372 2503 452 2565 quas
475 2482 592 2564 recipit
614 2502 728 2545 uersus
751 2480 914 2564 heroicus,
942 2484 1114 2547 conuenire

99 2571 139 2633 ut
157 2569 263 2651 possit
286 2575 344 2633 aut
366 2570 630 2653 penthemimeris
653 2591 727 2633 cum
749 2568 873 2652 reliquo
898 2571 1114 2653 anapaestico,

100 2663 161 2722 aut
186 2658 352 2722 trochaice
379 2680 452 2723 cum
481 2659 659 2742 posteriore
689 2662 872 2742 segmento,
902 2664 959 2722 aut
988 2663 1113 2742 septem

100 2745 281 2830 semipedes
296 2768 369 2811 cum
384 2748 594 2830 anapaestico
609 2746 750 2827 chorico,
768 2749 826 2809 aut
840 2746 1023 2829 (ponatur)
1037 2752 1114 2831 post
1131 2766 1167 2816 40

100 2832 266 2918 dactylum
287 2840 385 2919 atque
405 2835 600 2920 semipedem
615 2834 770 2920 quidquid
788 2838 892 2899 restat
910 2835 1112 2902 hexametro:

173 3066 207 3116 18
224 3060 355 3132 intellige
371 3062 397 3115 Z
449 3067 484 3116 22
502 3059 642 3117 foeliciter
657 3061 701 3115 Τλ
754 3067 788 3116 23
807 3062 861 3117 hoc
879 3064 911 3117 tn
928 3080 973 3118 me
992 3080 1048 3119 uno
1070 3064 1112 3118 Te

98 3135 181 3200 (crau
198 3148 284 3203 muru.
303 3133 367 3187 add.
389 3132 424 3200 Τ)
444 3131 497 3188 hoc
516 3133 561 3187 die
579 3149 635 3187 uno
655 3132 681 3187 G
698 3149 767 3188 cerr.
787 3133 939 3215 Mpmmeea
995 3139 1030 3189 20
1048 3152 1112 3205 rep-

96 3201 264 3272 perissem2
282 3203 447 3285 reperissem
463 3204 488 3259 G
505 3203 654 3272 aperissem
672 3203 698 3256 Τ
749 3209 783 3257 27
803 3205 945 3258 inconexis
964 3205 1112 3275 000101000-

97 3275 200 3344 bytem'
216 3272 338 3329 inurens
355 3274 381 3327 Τ
397 3273 558 3329 inconnexis
576 3275 677 3342 caecil
697 3273 732 3328 de
751 3273 909 3342 diuersisp
926 3276 976 3330 sed
994 3275 1112 3332 diuersis

99 3343 180 3399 Tro
234 3350 269 3399 28
287 3348 415 3399 nostrum
448 3348 574 3400 meuml
632 3350 666 3399 29
686 3350 715 3398 et
733 3345 850 3418 fabulis]
870 3349 920 3400 aut
937 3345 1041 3401 fabulis
1062 3348 1111 3419 Τ]

95 3415 309 3470 thiouianuml
363 3422 398 3471 20
442 3416 542 3487 ionyso
560 3423 604 3482 o?
623 3414 752 3485 dyonisio
772 3415 814 3470 Te
839 3416 959 3472 dionisio
978 3418 1024 3487 G!
1044 3419 1112 3545 hylp-

95 3486 189 3557 polito
212 3486 254 3540 Tr
308 3491 343 3541 34
361 3487 470 3541 medius
489 3504 539 3543 om.
555 3488 589 3552 Z,
607 3489 671 3542 add.
690 3487 842 3543 Mommsen
896 3495 930 3543 35
949 3488 1042 3545 iuuare
1107 3491 1110 3561 l

96 3560 237 3625 aneso
260 3559 289 3611 et
306 3574 351 3612 res
371 3559 397 3612 Z
467 3565 501 3613 36
520 3557 632 3613 diffindr
651 3563 674 3626 (f
693 3560 744 3613 del.
763 3565 788 3614 ct
806 3576 840 3615 ss.
855 3578 902 3631 pr.
920 3562 1018 3631 untw)
1036 3561 1063 3616 Τ

95 3634 131 3684 37
155 3644 253 3683 uersus
275 3644 326 3683 om.
345 3628 372 3682 1¹
445 3635 480 3685 38
502 3627 737 3699 penthimemeres
761 3633 801 3698 (es
819 3649 853 3686 aa
870 3632 895 3687 ie
914 3634 971 3701 pr.)
993 3633 1018 3686 Τ
1043 3650 1112 3702 pen-

94 3699 259 3754 timemares
278 3698 304 3753 G
328 3705 333 3764 Ι
358 3698 539 3770 anapestiool
560 3699 671 3769 chorico
690 3704 740 3755 aut
762 3701 787 3754 T
811 3707 946 3775 anapesto
963 3705 1014 3757 aut
1032 3703 1059 3758 G

93 3776 131 3825 39
150 3770 292 3825 trocaioae
312 3771 338 3826 G
394 3777 429 3826 40
448 3773 577 3828 laeenam
594 3774 734 3829 iudicauit
751 3773 817 3828 Birt
836 3780 860 3829 el
878 3776 920 3829 his
938 3775 1030 3829 uerbis
1047 3790 1111 3843 par-

93 3840 195 3896 uulum
212 3839 326 3896 initium
345 3858 408 3896 oum
427 3845 488 3897 toto
507 3845 640 3913 expleuit,
665 3846 787 3914 ponatur
807 3846 908 3916 Peiper
978 3850 1013 3899 41
1034 3844 1111 3913 quic·

93 3911 165 3981 quid
189 3911 231 3967 Tr
251 3913 257 3981 Ι
281 3916 424 3969 exametro
445 3914 489 3968 Tr
