2430 4274
458 539 496 548 -
544 521 666 567 XXXXV
714 540 752 550 -

94 688 167 730 eum
181 663 341 730 habuisse
356 662 511 746 suspicor,
525 685 660 747 quorum
676 663 710 727 in
720 666 870 749 catalogo
882 688 906 732 s.
917 665 945 729 X
955 667 1113 750 confecto,

94 754 207 841 (quem
238 774 279 817 ex
302 751 463 816 Muratori
490 752 613 836 antiqq.
636 751 709 816 ltal.
732 751 782 816 Ill
808 754 984 820 817-824
1008 756 1112 821 denuo

94 841 197 907 edidit
224 840 381 906 GBeolrer
408 838 442 904 in
473 837 643 924 Gatalogis
671 839 941 907 bibliothecarum
970 844 1113 929 antiquis

94 932 183 1018 1264
192 927 280 1017 sqq.)
299 930 363 994 duo
377 928 515 993 Ausonii
529 933 738 994 recensentur
754 932 959 1013 exemplaria,
974 933 1112 997 alterum

164 1053 196 1089 n.
215 1032 414 1158 fifissliblrqur
437 1030 554 1087 Ausonii
576 1037 677 1102 poetae
702 1033 713 1086 l
736 1032 766 1086 in
788 1049 844 1102 qno
871 1034 1008 1087 habentur
1028 1033 1111 1089 Plinii

300 1121 326 1158 n

95 1215 252 1296 alterum,
276 1212 361 1296 quod
386 1213 456 1276 sine
478 1211 577 1276 dubio
600 1210 681 1275 illud
704 1215 755 1275 est
779 1213 863 1295 quod
885 1212 1114 1295 desideramus,

167 1335 197 1372 n.
223 1321 282 1373 610
304 1314 350 1385 (de
373 1315 453 1370 libris
476 1314 552 1368 Petri
575 1315 740 1383 presbyteri)
765 1315 885 1382 „librum
908 1315 1023 1370 Ausonii
1047 1317 1059 1370 1
1085 1316 1112 1370 in

260 1405 316 1456 quo
336 1385 501 1455 mictologia
520 1383 669 1455 Fulgentii.
698 1385 839 1440 rhetorica
857 1385 949 1440 Caroli
968 1392 998 1440 et
1016 1387 1114 1442 Albini

264 1462 293 1513 et
311 1457 560 1527 periermeniarum
580 1454 682 1525 Apulei
701 1458 730 1510 et
747 1456 804 1510 alia
822 1457 969 1525 quaedam.
1134 1455 1141 1462 ’

97 1570 132 1634 hi
161 1567 240 1633 libri
267 1588 334 1632 non
361 1566 427 1630 ism
455 1571 612 1649 apparent
639 1565 674 1629 in
699 1565 850 1648 catalogo
879 1588 907 1630 a.
928 1568 1010 1631 1461
1038 1590 1113 1632 con-

96 1657 195 1741 fecto,
219 1677 316 1740 quem
339 1654 440 1718 edidit
461 1653 621 1736 APeyron
644 1649 824 1739 (Ciceronis
848 1655 1031 1719 orationum
1056 1679 1114 1738 pro

98 1745 222 1812 Scauro
237 1796 245 1810 .
260 1794 268 1809 .
282 1795 290 1809 .
304 1743 496 1828 fragmenta,
511 1740 630 1826 Stuttg.
647 1745 680 1804 et
694 1740 832 1824 Tubing.
850 1742 935 1806 1824
950 1766 979 1825 p.
992 1741 1114 1830 1—62)

97 1855 205 1920 neque
229 1833 404 1919 quidquam
431 1831 570 1896 Ausonii
593 1829 727 1914 Georgii
750 1828 894 1893 Merulae
923 1836 956 1895 et
983 1831 1115 1917 Georgii

99 1922 244 1988 Galbiati
273 1943 372 2006 opera
399 1918 555 1985 Ludonici
583 1916 723 1983 Sfortiae
746 1918 837 1982 ducis
861 1919 1016 2003 auspiciis
1045 1943 1114 1985 sus-

100 2020 195 2097 cepta
223 2011 270 2074 ibi
298 2010 424 2074 inuenit
450 2031 477 2073 a.
509 2009 603 2073 1493.
650 2028 749 2091 quare
778 2028 851 2070 cum
876 2008 948 2073 aliis
977 2011 1114 2074 uetustis

100 2101 193 2165 libris
209 2101 313 2163 multo
329 2101 403 2162 ante
421 2099 455 2160 in
470 2095 692 2161 Veronensem
710 2095 942 2161 bibliothecam
957 2099 1114 2183 migrasse

100 2189 267 2254 Ausonius
291 2208 418 2271 quoque
443 2186 537 2250 facile
557 2184 731 2249 credendus
751 2182 851 2271 erit*)
870 2186 1053 2251 infelicibus
1068 2188 1114 2251 rei

100 2277 280 2341 litterariae
295 2276 408 2359 turbis,
422 2297 504 2358 quae
514 2279 589 2357 post
600 2271 750 2337 Gerberti
765 2273 893 2338 abbatis
904 2272 946 2360 (a.
958 2277 1023 2340 983
1031 2299 1099 2359 sqq.

101 2370 244 2430 aetatem
259 2366 450 2449 ingruerunt
463 2362 679 2427 Bobiensibus
694 2357 772 2447 (uid.
783 2361 920 2445 Peyron.
931 2388 961 2446 p.
972 2363 1020 2426 xl
1032 2387 1100 2448 sqq.

168 2473 315 2536 Alterius
339 2491 466 2554 quoque
485 2468 656 2533 Bobiensis
681 2466 801 2530 codicis
821 2468 997 2549 uestigium
1021 2469 1117 2533 facile

102 2563 174 2646 quis
199 2561 263 2624 sibi
287 2559 496 2644 deprendisse
524 2556 730 2641 persuadeat:
758 2577 834 2617 nam
863 2557 1020 2621 Aemilius
1044 2557 1117 2621 Fer-

102 2651 219 2714 rarius:
249 2653 432 2721 „adieoimua
457 2647 516 2732 ait,
540 2669 572 2706 ex
596 2650 726 2717 catalogo
748 2649 901 2704 illustrium
920 2650 1030 2704 urbium
1049 2671 1118 2707 non-

102 2734 181 2789 nulla
199 2735 333 2803 excerpta
351 2732 557 2803 epigrammata
582 2747 653 2801 qnae
673 2729 811 2797 Georgius
829 2731 938 2785 Merula
961 2732 1119 2800 polyhistor

102 2809 272 2875 praeceptor
285 2806 381 2857 noster
395 2804 425 2857 et
437 2803 587 2874 primarius
606 2798 720 2856 dicendi
734 2800 835 2856 artifex
851 2803 885 2855 in
900 2803 1119 2859 bibliotheca

101 2885 174 2939 diui
193 2883 375 2953 Euatorgii
394 2884 500 2952 primus
519 2882 692 2952 indagsnitf·
729 2899 810 2965 quae
830 2900 901 2942 cum
922 2876 1033 2941 eadem
1054 2879 1120 2942 sint

101 2975 200 3052 atque
226 2989 265 3031 ea
293 2988 375 3050 quae
401 2967 436 3030 in
466 2966 591 3031 Titiano
619 2966 702 3031 libro
729 2969 750 3033 f.
775 2966 939 3030 ὅθ’-62Υ
966 2966 1120 3051 leguntur

102 3054 182 3142 (uid.
218 3055 303 3119 infra
329 3078 360 3139 p.
382 3052 499 3141 LXX),
534 3055 620 3119 hunc
647 3055 902 3141 Eustorgianum
936 3062 1033 3138 atque
1067 3056 1119 3120 Ti·

100 3146 227 3209 lianurn
269 3144 405 3207 eundem
448 3165 518 3207 esse
551 3144 668 3207 librum
706 3145 784 3209 olim
827 3144 1010 3226 suspicatus
1049 3166 1119 3207 sum

102 3231 250 3319 (Ueberl.
276 3255 305 3315 p.
334 3229 480 3318 213sq.).
516 3255 614 3317 quam
644 3235 863 3298 coniecturam
899 3232 926 3294 si
956 3254 1020 3296 non
1055 3254 1120 3296 am-

175 3446 202 3510 *)
224 3441 281 3497 uid.
297 3441 427 3509 l'Blnme,
442 3442 499 3498 Iter
514 3444 640 3498 italicum
656 3444 667 3496 I
682 3450 742 3499 265.
763 3442 906 3512 Suspiaari
918 3442 1010 3513 possis
1024 3441 1121 3496 eedem

104 3515 193 3568 fuisse
213 3515 274 3568 fata
292 3513 480 3582 antiquissimi
499 3515 651 3569 uoluminis
670 3514 810 3569 Martialis
834 3517 948 3584 poetae,
972 3513 1050 3567 cuius
1074 3530 1122 3582 pa·

105 3585 199 3655 geilae
225 3584 372 3654 quaepiam
392 3584 578 3640 Bernsrdinus
602 3587 717 3654 quidam
740 3586 904 3642 adolescens
923 3583 1040 3638 Domitii
1060 3602 1122 3652 pro-

105 3657 230 3727 pinquus
259 3656 429 3710 Veronensis
458 3658 648 3712 commodauit
676 3659 784 3724 Angelo
819 3656 959 3711 Politiano
993 3653 1123 3722 (Miscell.

106 3745 131 3782 c.
147 3729 204 3793 Μ).
232 3744 298 3780 nam
313 3725 364 3795 qui
382 3728 412 3780 in
430 3731 526 3782 uetere
541 3726 671 3795 catalogo
689 3726 820 3781 Bobiensi
839 3729 1011 3780 memoratur
1029 3743 1056 3777 n.
1072 3730 1125 3777 366

106 3802 137 3853 et
156 3803 209 3853 367
234 3796 375 3852 Martialis
399 3814 462 3852 cum
485 3796 581 3853 Persio
604 3799 741 3869 sociatus,
766 3797 826 3854 cius
846 3797 926 3855 nulla
943 3796 1082 3855 memoria
1096 3795 1131 3850 in

106 3869 237 3931 catalogo
251 3885 275 3917 a.
297 3872 373 3916 1461.
