2430 4274
461 530 678 595 ..15-

59 690 189 774 Altera,
212 709 297 773 quae
319 710 413 754 ueros
436 689 559 754 emittit
582 711 699 755 cornea
721 691 819 756 uisus.

60 777 153 856 Quod
178 779 209 843 si
232 777 272 842 de
296 776 403 842 dubiis
427 778 616 843 conceditur
639 780 729 863 optio
753 780 860 863 nobis,
1039 797 1079 837 22⁰

58 866 163 932 Desse
187 866 284 931 fidem
307 866 402 931 laetis
426 867 542 932 melius
565 889 662 951 quam
686 890 772 932 uana
794 867 912 932 timeri.

59 955 145 1023 Ecce
164 976 226 1041 ego
246 956 312 1020 iam
332 955 443 1019 malim
463 955 654 1040 fall13nam,
673 957 750 1020 dum
765 955 861 1020 modo
876 978 1003 1041 semper

59 1045 186 1111 Tristia
209 1048 400 1128 uanescunt,
422 1046 531 1128 potius
555 1046 697 1110 caruisse
720 1044 879 1128 fruendis,
1043 1062 1078 1110 3ο

60 1135 166 1211 Quem
186 1133 350 1218 trepidare
369 1133 475 1198 malis.
513 1134 594 1199 satis
612 1138 663 1198 est
686 1133 779 1217 bene,
803 1133 831 1197 si
854 1137 959 1198 metus
982 1134 1078 1201 absit

60 1222 146 1289 Sunt
169 1226 203 1287 et
226 1224 281 1307 qui
304 1223 399 1287 fletus
423 1226 456 1286 et
478 1222 597 1308 gaudia
618 1226 863 1288 controuersum
1040 1238 1080 1280 22⁶

59 1310 256 1377 Coniectcnt
278 1312 435 1395 uarioque
457 1312 592 1376 trahant
615 1316 733 1377 euenta
755 1311 870 1376 relatu.

59 1400 109 1465 Ite
134 1421 194 1484 per
216 1400 340 1465 oblicos
363 1400 459 1480 caeli,
483 1401 570 1464 mela
593 1402 733 1484 somnia,
756 1399 907 1481 mundos,

59 1488 248 1570 Inrequieta
270 1490 348 1572 uagi
371 1509 436 1572 que
459 1488 588 1552 difflant
610 1489 724 1554 nubile
745 1489 864 1570 nimbi3
1044 1503 1079 1552 33

62 1577 209 1642 Lunares
231 1576 378 1641 habitate
402 1576 508 1660 polos:
532 1577 610 1661 quid
632 1583 746 1643 nostra
770 1577 887 1642 subitis

59 1665 194 1731 Limine
215 1671 249 1729 et
273 1667 404 1751 angusti
427 1666 601 1730 tenebrosa
622 1667 742 1731 cubilia
765 1666 865 1731 tecti?
920 1686 923 1693 ·
1040 1681 1080 1721 ²³⁰

61 1753 116 1818 bie
141 1754 238 1818 sinite
260 1754 397 1839 ignauus
418 1755 581 1839 placidum
605 1755 772 1820 traducere
794 1758 919 1837 noctes,

63 1842 152 1908 Dum
176 1842 288 1907 redeat
310 1864 403 1908 roseo
427 1843 508 1907 mihi
531 1843 663 1908 Lucifer
686 1865 801 1908 aureus
825 1847 908 1908 ortu.

62 1931 158 2008 Quod
183 1932 211 1995 si
235 1952 286 1995 me
309 1932 405 1997 nullis
429 1936 582 1997 uexatum
606 1936 700 1997 nocte
722 1931 837 2018 figuris
1045 1947 1080 1995 40

62 2020 176 2085 Mollis
200 2020 376 2103 tranquillo
400 2021 608 2104 permulserit
631 2043 704 2085 aere
729 2042 875 2103 somnus,

62 2107 160 2173 Hune
182 2108 306 2191 lucum,
327 2114 440 2175 nostro
464 2110 578 2174 uiridis
602 2111 657 2194 qui
681 2110 810 2174 frondet
832 2111 867 2173 in
891 2130 970 2194 agro
1040 2125 1080 2166 ass

63 2196 215 2281 Vlrneus,
239 2198 381 2263 excubiis
406 2198 620 2263 habitandum
644 2198 756 2264 dedico
781 2198 934 2263 uestris·

137 2378 171 2426 27
196 2372 290 2427 dubiis
314 2373 350 2426 Υι
423 2379 457 2428 28
481 2373 572 2427 de⁰sse
597 2372 633 2425 V’
706 2378 739 2426 29
759 2370 867 2425 mallim
892 2371 913 2439 (i
931 2388 965 2426 ex
983 2372 1031 2438 et)
1057 2371 1083 2424 V

64 2442 85 2511 (l
105 2443 153 2497 alt.
169 2442 218 2510 m²,
236 2443 299 2498 im'
317 2446 349 2497 in
366 2461 422 2499 ros.
442 2443 486 2511 Υ·)
503 2448 508 2509 Ι
523 2442 586 2498 falli
606 2443 627 2511 (i
645 2460 679 2497 en
697 2442 712 2495 f
727 2444 807 2511 corr.)
833 2442 859 2495 V
916 2447 949 2496 31
970 2440 1080 2512 sisssme·

62 2518 111 2568 tua
131 2517 171 2582 (m
189 2518 277 2582 moso)
301 2515 327 2567 V
396 2521 430 2570 32
450 2518 666 2579 controuersoro
690 2514 716 2567 V
733 2529 802 2567 corr.
816 2512 944 2582 Soucbay
970 2514 1079 2566 contro-

63 2603 148 2641 uerso
170 2586 286 2641 Vinctus
348 2592 382 2641 88
402 2585 504 2641 ebenta
528 2585 554 2638 V
615 2591 648 2639 37
667 2584 775 2638 lumina
799 2584 835 2638 Υι
894 2587 928 2637 38
947 2583 1079 2668 ignaras:

63 2675 146 2799 {an
152 2692 219 2799 ι3133.
239 2676 292 2799 ais
301 2674 357 2799 Vb·
360 2681 430 2800 agg
450 2674 527 2799 micis
541 2675 567 2817 V
597 2681 674 2800 “1213
686 2671 846 2798 aginnum
863 2742 889 2796 V
909 2676 944 2725 42
962 2672 1029 2725 lucri
1048 2687 1081 2725 ex

74 2764 130 2802 ocu
311 2763 359 2800 ar
429 2764 476 2799 um
560 2762 597 2815 pc
713 2761 743 2797 n1
832 2784 838 2796 .
