2430 4274
510 587 718 633 —XI-

104 730 171 794 qua
206 707 271 773 alia
302 708 443 775 editione
476 711 653 775 recentiore
685 712 843 776 memoria
874 711 1009 797 dignum
1041 711 1122 777 mihi

104 797 213 863 uisum
227 800 306 880 erat,
320 799 471 884 uulgatae
485 799 633 864 lectionis
648 800 742 883 signo
757 796 804 886 (v)
818 800 941 866 notaui.
965 803 998 865 et
1011 821 1121 866 cruces

103 886 180 951 illas
194 885 313 951 codicis
327 886 538 952 Ambrosiani
553 888 750 952 omittendas
768 889 877 972 statui,
895 892 1121 974 praeterquam

104 974 192 1060 quod
211 996 264 1040 eas
284 976 421 1059 exempli
440 998 537 1042 causa
556 999 585 1041 u.
604 977 689 1040 1099
709 981 743 1041 et
763 977 848 1041 1292
868 977 994 1062 reliqui,
1016 999 1120 1062 neque

104 1085 157 1148 ea,
184 1085 266 1148 quae
293 1064 328 1129 in
355 1064 469 1130 eodem
497 1065 582 1131 libro
610 1065 696 1130 inter
723 1066 825 1130 lineas
853 1065 1010 1130 adnotata
1036 1071 1121 1149 sunt,

104 1173 239 1237 prorsus
271 1153 413 1239 neglexi,
445 1154 536 1218 uelut
568 1154 652 1237 quod
682 1178 712 1220 u.
740 1154 806 1220 352
834 1176 933 1238 supra
962 1159 1121 1238 propter

102 1241 644 1416 ffltiluhglt'rtlttli'phttfffa
642 1246 662 1415 t
681 1241 1026 1418 idss⁸htlfo1lldttlt
1028 1242 1120 1397 litt

102 1440 168 1484 una
200 1440 273 1483 cum
305 1419 498 1484 lectionibus
532 1442 551 1484 a
577 1420 721 1484 librariis
749 1420 830 1503 ipsis
859 1420 1037 1485 emendatis
1065 1440 1120 1486 eas

102 1506 271 1590 adnotaui,
303 1529 384 1591 quas
412 1508 461 1572 illi
490 1511 588 1572 antea
615 1512 799 1592 posuerant
848 1509 914 1573 iam
942 1509 1119 1592 scripturas

102 1595 269 1680 quasdam,
293 1617 374 1679 quas
397 1597 514 1661 leuIter
536 1600 678 1661 mutatas
701 1597 817 1680 recepi,
841 1598 910 1661 sine
933 1598 1001 1662 ullo
1024 1597 1119 1682 signo

102 1684 195 1750 uncis
223 1684 367 1749 inclusae
395 1683 503 1749 addidi
530 1684 569 1749 ci.
593 1708 623 1749 u.
649 1685 721 1750 128.
748 1685 811 1750 183
835 1685 922 1749 alibi.
968 1685 1054 1769 quod
1079 1685 1119 1750 ad

101 1793 154 1838 res
178 1771 448 1858 orthographicas
468 1774 594 1856 attinet
617 1773 767 1837 omnibus
786 1773 875 1852 locis,
894 1776 931 1838 ut
949 1778 1046 1839 antea
1065 1773 1118 1857 (cf.

100 1881 209 1947 progr.
231 1859 300 1926 Eri.
323 1884 355 1945 p.
374 1860 481 1947 VIII),
504 1862 704 1927 sollertem
728 1865 761 1925 et
784 1861 905 1946 adque
929 1862 1058 1945 scripsi3
1083 1863 1118 1926 in

102 1950 219 2015 ceteris
248 1950 358 2033 rebus,
391 1950 447 2014 ubi
475 1954 564 2015 certa
590 1950 674 2015 ratio
701 1950 836 2035 reperiri
862 1972 929 2015 non
958 1954 1119 2034 potuerat,

100 2038 356 2104 inconstantiam
389 2043 422 2103 et
455 2039 721 2104 consuetudinem
750 2038 826 2103 libri
853 2037 1118 2104 Vindobouenais

100 2130 231 2192 secutus
259 2148 339 2192 sum.
386 2149 460 2193 cum
483 2149 561 2192 uero
584 2127 796 2213 grauissimas
819 2130 948 2192 tantum
972 2127 1117 2192 codicum

100 2215 256 2281 lectiones
271 2216 384 2280 afferre
399 2217 580 2299 statuerim,
593 2217 627 2280 in
642 2216 752 2282 codice
765 2216 983 2281 Ambrosiano
997 2216 1118 2281 flama

100 2309 134 2370 et
165 2303 347 2389 Ilamiger
375 2304 532 2388 scriptum
547 2326 630 2369 >esee
658 2305 720 2370 hoo
747 2305 818 2369 loco
846 2305 1009 2370 monuisse
1037 2305 1117 2369 satis

100 2397 161 2458 eat
197 2393 295 2457 etiam
318 2393 392 2458 inde
416 2416 436 2458 a
458 2415 488 2456 u.
514 2393 597 2458 1581
623 2415 682 2476 pro
707 2393 812 2458 succi
836 2393 1007 2478 genitrix
1030 2393 1118 2458 simi-

98 2481 186 2546 libus
203 2483 322 2633 tpleitus
341 2482 436 2566 posui
455 2482 537 2546 suci
557 2481 735 2565 genetrix
754 2481 827 2545 alia.
863 2481 988 2545 inuitus
1006 2484 1117 2546 tamen

100 2590 198 2635 0m1s1
246 2591 316 2635 aec:

192 2658 254 2723 139
278 2659 399 2723 ciseum
422 2659 504 2723 flexo
523 2659 556 2722 A
592 2659 657 2722 213
676 2658 883 2742 Neptunique
902 2658 934 2722 A
976 2658 1041 2723 510
1060 2661 1117 2722 aut

104 2746 247 2813 Vhaud
276 2749 309 2812 A
377 2747 441 2813 826
476 2747 598 2830 piscem
629 2749 760 2812 correxit
792 2746 823 2810 V
883 2747 950 2811 848
981 2747 1115 2811 circum-

98 2835 266 2901 uoluultur
299 2836 330 2900 V
375 2836 439 2901 909
468 2858 509 2900 ne
537 2858 618 2920 quas
646 2836 678 2900 A
724 2834 789 2899 915
817 2834 941 2900 oaelula
973 2835 1005 2899 V
1049 2835 1112 2901 941

98 2928 156 2989 aut
184 2924 215 2988 V
256 2925 322 2989 976
345 2925 447 2989 credit
476 2925 508 2989 V
548 2925 633 2990 1093
657 2934 793 2989 consor&
817 2924 850 2987 A
898 2924 983 2990 1106
1006 2923 1116 2990 condi·

96 3015 150 3078 tus
173 3013 207 3077 A
255 3013 340 3078 1723
364 3013 504 3078 siutillas
526 3014 567 3078 A.
1101 3025 1104 3031 '

188 3098 250 3165 Sed
278 3123 342 3186 quo
370 3101 498 3167 facilius
526 3105 649 3185 pateat,
678 3105 799 3186 quanta
826 3101 1005 3166 intercedat
1027 3101 1115 3165 diffe-

96 3190 204 3255 rentia
228 3190 315 3254 inter
337 3190 489 3275 uulgatus
511 3190 667 3255 lectiones
692 3193 725 3253 ot
747 3193 889 3270 nostras,
917 3188 977 3253 has
1000 3189 1115 3272 quauie

96 3299 203 3343 rerum
225 3278 553 3364 orthographicarum
572 3278 773 3342 dissensione
791 3276 940 3360 neglecta
958 3297 1030 3340 cum
1050 3275 1115 3340 edi-

95 3367 195 3450 tione,
218 3389 315 3451 quam
334 3366 370 3431 F.
389 3365 424 3432 0.
443 3366 602 3432 Matthiae
621 3365 758 3449 parauit,
781 3365 829 3428 ita
851 3364 1055 3446 contulimus,
1078 3367 1115 3428 ut

96 3456 290 3522 lectionibus
319 3456 407 3522 illius
434 3462 562 3522 nostras
588 3454 787 3519 adderemus.
832 3457 908 3517 sunt
931 3453 1016 3517 enim
1039 3452 1114 3516 hae:

188 3546 205 3609 1
230 3544 400 3630 inceptor!
422 3547 571 3610 incentor
611 3545 632 3608 2
657 3543 816 3608 excelsam
837 3548 842 3617 Ι
862 3545 895 3605 et
913 3542 1031 3607 celsam
1073 3540 1113 3605 13

95 3634 209 3698 mundi
223 3635 397 3720 primigeni
417 3634 422 3716 Ι
442 3635 560 3706 mentis
575 3632 774 3718 primigenae
814 3630 855 3696 15
869 3629 982 3695 foedus
1003 3636 1007 3708 Ι
1028 3629 1113 3694 fetus

97 3723 137 3787 17
155 3744 341 3898 supremum
356 3721 361 3809 1
378 3723 553 3788 secundum
598 3723 642 3787 20
660 3724 751 3786 actor
767 3717 770 3806 Ι
788 3722 900 3785 auctor
943 3719 985 3784 21
1001 3720 1115 3801 pastor

221 3811 327 3877 factus
341 3815 434 3896 pater
475 3812 518 3877 22
532 3810 714 3896 perrumpit
730 3808 733 3893 l
750 3808 898 3893 perrupit
938 3808 981 3872 27
997 3811 1091 3891 pater
1107 3803 1116 3889 l

94 3832 186 3877 880οΓ
