<?xml version="1.0" encoding="UTF-8"?>
<!DOCTYPE html PUBLIC "-//W3C//DTD XHTML 1.0 Transitional//EN"
    "http://www.w3.org/TR/xhtml1/DTD/xhtml1-transitional.dtd">
<html xmlns="http://www.w3.org/1999/xhtml" xml:lang="en" lang="en">
 <head>
  <title>
</title>
<meta http-equiv="Content-Type" content="text/html;charset=utf-8" />
  <meta name='ocr-system' content='tesseract 3.04.00' />
  <meta name='ocr-capabilities' content='ocr_page ocr_carea ocr_par ocr_line ocrx_word'/>
</head>
<body>
  <div class='ocr_page' id='page_1' title='image "./decimimagniavso00ausogoog_0281.png"; bbox 0 0 2430 4274; ppageno 0'>
   <div class='ocr_carea' id='block_1_1' title="bbox 358 13 1187 581">
    <p class='ocr_par' dir='ltr' id='par_1_1' title="bbox 358 13 1187 581">
     <span class='ocr_line' id='line_1_1' title="bbox 358 13 1187 311; baseline -0.005 0"><span class='ocrx_word' id='word_1_1' title='bbox 358 13 1187 311; x_wconf 60' lang='lat'>5-</span> 
     </span>
     <span class='ocr_line' id='line_1_2' title="bbox 503 515 747 581; baseline 0 -20"><span class='ocrx_word' id='word_1_2' title='bbox 503 515 747 581; x_wconf 73' lang='lat'><strong>..143-</strong></span> 
     </span>
    </p>
   </div>
   <div class='ocr_carea' id='block_1_2' title="bbox 121 672 933 847">
    <p class='ocr_par' dir='ltr' id='par_1_2' title="bbox 121 672 933 847">
     <span class='ocr_line' id='line_1_3' title="bbox 121 672 933 761; baseline -0.002 -21"><span class='ocrx_word' id='word_1_3' title='bbox 121 672 256 741; x_wconf 81' lang='lat' dir='ltr'>Comere</span> <span class='ocrx_word' id='word_1_4' title='bbox 280 696 361 759; x_wconf 86' lang='lat' dir='ltr'>quae</span> <span class='ocrx_word' id='word_1_5' title='bbox 383 674 517 760; x_wconf 89' lang='lat' dir='ltr'>paribus</span> <span class='ocrx_word' id='word_1_6' title='bbox 540 673 651 759; x_wconf 89' lang='lat' dir='ltr'>potuit</span> <span class='ocrx_word' id='word_1_7' title='bbox 672 674 807 761; x_wconf 83' lang='lat' dir='ltr'>fastigia</span> <span class='ocrx_word' id='word_1_8' title='bbox 829 675 933 752; x_wconf 88' lang='lat' dir='ltr'>conis,</span> 
     </span>
     <span class='ocr_line' id='line_1_4' title="bbox 121 763 896 847; baseline -0.004 -17"><span class='ocrx_word' id='word_1_9' title='bbox 121 763 280 830; x_wconf 89' lang='lat' dir='ltr'>Octauum</span> <span class='ocrx_word' id='word_1_10' title='bbox 302 765 424 829; x_wconf 87' lang='lat' dir='ltr'>reiecta</span> <span class='ocrx_word' id='word_1_11' title='bbox 445 764 552 828; x_wconf 89' lang='lat' dir='ltr'>locum</span> <span class='ocrx_word' id='word_1_12' title='bbox 575 763 632 827; x_wconf 87' lang='lat' dir='ltr'>uix</span> <span class='ocrx_word' id='word_1_13' title='bbox 654 784 756 847; x_wconf 89' lang='lat' dir='ltr'>paene</span> <span class='ocrx_word' id='word_1_14' title='bbox 778 766 896 828; x_wconf 86' lang='lat' dir='ltr'>tuetur.</span> 
     </span>
    </p>
   </div>
   <div class='ocr_carea' id='block_1_3' title="bbox 477 953 773 1020">
    <p class='ocr_par' dir='ltr' id='par_1_3' title="bbox 477 953 773 1020">
     <span class='ocr_line' id='line_1_5' title="bbox 477 953 773 1020; baseline 0 -13"><span class='ocrx_word' id='word_1_15' title='bbox 477 953 562 1009; x_wconf 86' lang='lat' dir='ltr'><strong>VIIII.</strong></span> <span class='ocrx_word' id='word_1_16' title='bbox 590 953 773 1020; x_wconf 82' lang='lat' dir='ltr'><strong>AQVILEIA.</strong></span> 
     </span>
    </p>
   </div>
   <div class='ocr_carea' id='block_1_4' title="bbox 120 1081 1137 1698">
    <p class='ocr_par' dir='ltr' id='par_1_4' title="bbox 120 1081 1136 1344">
     <span class='ocr_line' id='line_1_6' title="bbox 120 1081 1056 1166; baseline -0.002 -18"><span class='ocrx_word' id='word_1_17' title='bbox 120 1081 197 1148; x_wconf 87' lang='lat' dir='ltr'>Non</span> <span class='ocrx_word' id='word_1_18' title='bbox 220 1086 292 1148; x_wconf 86' lang='lat' dir='ltr'>erat</span> <span class='ocrx_word' id='word_1_19' title='bbox 314 1082 376 1147; x_wconf 84' lang='lat' dir='ltr'>iate</span> <span class='ocrx_word' id='word_1_20' title='bbox 398 1082 502 1146; x_wconf 86' lang='lat' dir='ltr'>locus:</span> <span class='ocrx_word' id='word_1_21' title='bbox 525 1082 642 1146; x_wconf 84' lang='lat' dir='ltr'>merito</span> <span class='ocrx_word' id='word_1_22' title='bbox 666 1087 777 1146; x_wconf 88' lang='lat' dir='ltr'>tamen</span> <span class='ocrx_word' id='word_1_23' title='bbox 800 1086 895 1146; x_wconf 86' lang='lat' dir='ltr'>aucta</span> <span class='ocrx_word' id='word_1_24' title='bbox 920 1082 1056 1166; x_wconf 81' lang='lat' dir='ltr'>recenti,</span> 
     </span>
     <span class='ocr_line' id='line_1_7' title="bbox 120 1170 1136 1255; baseline -0.003 -17"><span class='ocrx_word' id='word_1_25' title='bbox 120 1170 217 1238; x_wconf 88' lang='lat' dir='ltr'>Noua</span> <span class='ocrx_word' id='word_1_26' title='bbox 240 1171 326 1236; x_wconf 87' lang='lat' dir='ltr'>inter</span> <span class='ocrx_word' id='word_1_27' title='bbox 349 1171 456 1235; x_wconf 85' lang='lat' dir='ltr'>claras</span> <span class='ocrx_word' id='word_1_28' title='bbox 478 1187 646 1248; x_wconf 71' lang='lat' dir='ltr'>neumam</span> <span class='ocrx_word' id='word_1_29' title='bbox 670 1171 806 1235; x_wconf 81' lang='lat' dir='ltr'>cieberis</span> <span class='ocrx_word' id='word_1_30' title='bbox 829 1170 938 1255; x_wconf 85' lang='lat' dir='ltr'>urbes,</span> <span class='ocrx_word' id='word_1_31' title='bbox 1103 1187 1136 1236; x_wconf 77' lang='lat' dir='ltr'>sa</span> 
     </span>
     <span class='ocr_line' id='line_1_8' title="bbox 121 1258 905 1344; baseline -0.004 -18"><span class='ocrx_word' id='word_1_32' title='bbox 121 1260 206 1326; x_wconf 84' lang='lat' dir='ltr'>Itala</span> <span class='ocrx_word' id='word_1_33' title='bbox 229 1260 270 1324; x_wconf 87' lang='lat' dir='ltr'>ad</span> <span class='ocrx_word' id='word_1_34' title='bbox 292 1258 440 1344; x_wconf 78' lang='lat' dir='ltr'>illyricos</span> <span class='ocrx_word' id='word_1_35' title='bbox 464 1259 592 1324; x_wconf 84' lang='lat' dir='ltr'>obiecta</span> <span class='ocrx_word' id='word_1_36' title='bbox 614 1259 742 1324; x_wconf 88' lang='lat' dir='ltr'>colonia</span> <span class='ocrx_word' id='word_1_37' title='bbox 764 1264 905 1337; x_wconf 84' lang='lat' dir='ltr'>montes,</span> 
     </span>
    </p>

    <p class='ocr_par' dir='ltr' id='par_1_5' title="bbox 121 1346 1137 1609">
     <span class='ocr_line' id='line_1_9' title="bbox 121 1346 1029 1434; baseline -0.003 -20"><span class='ocrx_word' id='word_1_38' title='bbox 121 1348 292 1414; x_wconf 81' lang='lat' dir='ltr'>Moenibus</span> <span class='ocrx_word' id='word_1_39' title='bbox 316 1351 350 1412; x_wconf 90' lang='lat' dir='ltr'>et</span> <span class='ocrx_word' id='word_1_40' title='bbox 372 1349 469 1431; x_wconf 88' lang='lat' dir='ltr'>portu</span> <span class='ocrx_word' id='word_1_41' title='bbox 492 1348 717 1412; x_wconf 90' lang='lat' dir='ltr'>celeberrima:</span> <span class='ocrx_word' id='word_1_42' title='bbox 742 1346 797 1411; x_wconf 89' lang='lat' dir='ltr'>sed</span> <span class='ocrx_word' id='word_1_43' title='bbox 819 1349 926 1434; x_wconf 82' lang='lat' dir='ltr'>magis</span> <span class='ocrx_word' id='word_1_44' title='bbox 949 1347 1029 1412; x_wconf 91' lang='lat' dir='ltr'>illud</span> 
     </span>
     <span class='ocr_line' id='line_1_10' title="bbox 121 1434 1137 1521; baseline -0.002 -19"><span class='ocrx_word' id='word_1_45' title='bbox 121 1435 265 1516; x_wconf 77' lang='lat' dir='ltr'>Eminet,</span> <span class='ocrx_word' id='word_1_46' title='bbox 289 1440 433 1501; x_wconf 84' lang='lat' dir='ltr'>extremo</span> <span class='ocrx_word' id='word_1_47' title='bbox 458 1434 544 1519; x_wconf 91' lang='lat' dir='ltr'>quod</span> <span class='ocrx_word' id='word_1_48' title='bbox 566 1441 599 1501; x_wconf 92' lang='lat' dir='ltr'>te</span> <span class='ocrx_word' id='word_1_49' title='bbox 622 1438 682 1501; x_wconf 89' lang='lat' dir='ltr'>sub</span> <span class='ocrx_word' id='word_1_50' title='bbox 706 1440 852 1520; x_wconf 88' lang='lat' dir='ltr'>ternpore</span> <span class='ocrx_word' id='word_1_51' title='bbox 875 1437 969 1521; x_wconf 82' lang='lat' dir='ltr'>legit,</span> <span class='ocrx_word' id='word_1_52' title='bbox 1124 1451 1137 1492; x_wconf 81' lang='lat'><strong>⁵</strong></span> 
     </span>
     <span class='ocr_line' id='line_1_11' title="bbox 123 1524 855 1609; baseline -0.003 -17"><span class='ocrx_word' id='word_1_53' title='bbox 123 1524 272 1593; x_wconf 81' lang='lat' dir='ltr'>Soluaret</span> <span class='ocrx_word' id='word_1_54' title='bbox 293 1527 406 1590; x_wconf 85' lang='lat' dir='ltr'>exacte</span> <span class='ocrx_word' id='word_1_55' title='bbox 430 1525 481 1590; x_wconf 90' lang='lat' dir='ltr'>cui</span> <span class='ocrx_word' id='word_1_56' title='bbox 505 1545 577 1590; x_wconf 89' lang='lat' dir='ltr'>aera</span> <span class='ocrx_word' id='word_1_57' title='bbox 599 1525 729 1609; x_wconf 89' lang='lat' dir='ltr'>piacula</span> <span class='ocrx_word' id='word_1_58' title='bbox 750 1525 855 1590; x_wconf 85' lang='lat' dir='ltr'>lustro</span> 
     </span>
    </p>

    <p class='ocr_par' dir='ltr' id='par_1_6' title="bbox 122 1613 1137 1698">
     <span class='ocr_line' id='line_1_12' title="bbox 122 1613 1137 1698; baseline -0.001 -19"><span class='ocrx_word' id='word_1_59' title='bbox 122 1614 299 1698; x_wconf 81' lang='lat' dir='ltr'>Maximus,</span> <span class='ocrx_word' id='word_1_60' title='bbox 323 1613 477 1698; x_wconf 81' lang='lat' dir='ltr'>armigeri</span> <span class='ocrx_word' id='word_1_61' title='bbox 500 1614 662 1698; x_wconf 89' lang='lat' dir='ltr'>qnondam</span> <span class='ocrx_word' id='word_1_62' title='bbox 687 1615 747 1678; x_wconf 86' lang='lat' dir='ltr'>sub</span> <span class='ocrx_word' id='word_1_63' title='bbox 769 1615 900 1679; x_wconf 92' lang='lat' dir='ltr'>nomine</span> <span class='ocrx_word' id='word_1_64' title='bbox 923 1614 999 1679; x_wconf 82' lang='lat' dir='ltr'>lira.</span> <span class='ocrx_word' id='word_1_65' title='bbox 1103 1630 1137 1678; x_wconf 79' lang='lat'>70</span> 
     </span>
    </p>
   </div>
   <div class='ocr_carea' id='block_1_5' title="bbox 123 1702 972 1876">
    <p class='ocr_par' dir='ltr' id='par_1_7' title="bbox 123 1702 972 1876">
     <span class='ocr_line' id='line_1_13' title="bbox 123 1702 933 1788; baseline -0.002 -20"><span class='ocrx_word' id='word_1_66' title='bbox 123 1702 229 1788; x_wconf 85' lang='lat' dir='ltr'>Felix,</span> <span class='ocrx_word' id='word_1_67' title='bbox 253 1724 335 1788; x_wconf 86' lang='lat' dir='ltr'>quaa</span> <span class='ocrx_word' id='word_1_68' title='bbox 357 1703 442 1768; x_wconf 83' lang='lat' dir='ltr'>tanti</span> <span class='ocrx_word' id='word_1_69' title='bbox 465 1703 642 1787; x_wconf 84' lang='lat' dir='ltr'>spectatrix</span> <span class='ocrx_word' id='word_1_70' title='bbox 664 1703 752 1768; x_wconf 86' lang='lat' dir='ltr'>laeta</span> <span class='ocrx_word' id='word_1_71' title='bbox 773 1702 933 1786; x_wconf 84' lang='lat' dir='ltr'>triumphi</span> 
     </span>
     <span class='ocr_line' id='line_1_14' title="bbox 123 1789 972 1876; baseline 0 -20"><span class='ocrx_word' id='word_1_72' title='bbox 123 1790 252 1859; x_wconf 88' lang='lat' dir='ltr'>Puniati</span> <span class='ocrx_word' id='word_1_73' title='bbox 276 1791 424 1858; x_wconf 86' lang='lat' dir='ltr'>Ausonio</span> <span class='ocrx_word' id='word_1_74' title='bbox 449 1789 651 1876; x_wconf 79' lang='lat' dir='ltr'>Rutupinum</span> <span class='ocrx_word' id='word_1_75' title='bbox 673 1790 778 1855; x_wconf 86' lang='lat' dir='ltr'>Marte</span> <span class='ocrx_word' id='word_1_76' title='bbox 802 1792 972 1856; x_wconf 85' lang='lat' dir='ltr'>latronem.</span> 
     </span>
    </p>
   </div>
   <div class='ocr_carea' id='block_1_6' title="bbox 524 1981 737 2037">
    <p class='ocr_par' dir='ltr' id='par_1_8' title="bbox 524 1981 737 2037">
     <span class='ocr_line' id='line_1_15' title="bbox 524 1981 737 2037; baseline 0.005 -1"><span class='ocrx_word' id='word_1_77' title='bbox 524 1983 556 2036; x_wconf 87' lang='lat' dir='ltr'>X.</span> <span class='ocrx_word' id='word_1_78' title='bbox 585 1981 737 2037; x_wconf 76' lang='lat' dir='ltr'><strong>ARELAS.</strong></span> 
     </span>
    </p>
   </div>
   <div class='ocr_carea' id='block_1_7' title="bbox 124 2108 1141 2816">
    <p class='ocr_par' dir='ltr' id='par_1_9' title="bbox 124 2108 1139 2461">
     <span class='ocr_line' id='line_1_16' title="bbox 124 2108 1132 2194; baseline -0.001 -19"><span class='ocrx_word' id='word_1_79' title='bbox 124 2110 248 2194; x_wconf 86' lang='lat' dir='ltr'>Pande,</span> <span class='ocrx_word' id='word_1_80' title='bbox 271 2108 388 2193; x_wconf 83' lang='lat' dir='ltr'>duplex</span> <span class='ocrx_word' id='word_1_81' title='bbox 409 2125 584 2188; x_wconf 69' lang='lat' dir='ltr'>urrunnu,</span> <span class='ocrx_word' id='word_1_82' title='bbox 606 2112 680 2174; x_wconf 93' lang='lat' dir='ltr'>tuos</span> <span class='ocrx_word' id='word_1_83' title='bbox 704 2108 827 2174; x_wconf 86' lang='lat' dir='ltr'>blanda</span> <span class='ocrx_word' id='word_1_84' title='bbox 848 2109 980 2194; x_wconf 86' lang='lat' dir='ltr'>hospita</span> <span class='ocrx_word' id='word_1_85' title='bbox 1003 2114 1132 2194; x_wconf 87' lang='lat' dir='ltr'>portus,</span> 
     </span>
     <span class='ocr_line' id='line_1_17' title="bbox 125 2195 1139 2284; baseline -0.002 -20"><span class='ocrx_word' id='word_1_86' title='bbox 125 2197 256 2264; x_wconf 78' lang='lat' dir='ltr'>Gallula</span> <span class='ocrx_word' id='word_1_87' title='bbox 278 2197 386 2263; x_wconf 87' lang='lat' dir='ltr'>Roma</span> <span class='ocrx_word' id='word_1_88' title='bbox 409 2195 538 2281; x_wconf 78' lang='lat' dir='ltr'>Arelas,</span> <span class='ocrx_word' id='word_1_89' title='bbox 566 2219 663 2284; x_wconf 91' lang='lat' dir='ltr'>quam</span> <span class='ocrx_word' id='word_1_90' title='bbox 686 2197 798 2262; x_wconf 91' lang='lat' dir='ltr'>Narbo</span> <span class='ocrx_word' id='word_1_91' title='bbox 822 2197 960 2263; x_wconf 89' lang='lat' dir='ltr'>Martius</span> <span class='ocrx_word' id='word_1_92' title='bbox 984 2202 1018 2263; x_wconf 87' lang='lat' dir='ltr'>et</span> <span class='ocrx_word' id='word_1_93' title='bbox 1041 2219 1139 2282; x_wconf 89' lang='lat' dir='ltr'>quam</span> 
     </span>
     <span class='ocr_line' id='line_1_18' title="bbox 124 2284 1139 2371; baseline 0 -20"><span class='ocrx_word' id='word_1_94' title='bbox 124 2287 254 2353; x_wconf 87' lang='lat' dir='ltr'>Accolit</span> <span class='ocrx_word' id='word_1_95' title='bbox 276 2284 407 2369; x_wconf 85' lang='lat' dir='ltr'>Alpinis</span> <span class='ocrx_word' id='word_1_96' title='bbox 432 2286 586 2371; x_wconf 85' lang='lat' dir='ltr'>opulenta</span> <span class='ocrx_word' id='word_1_97' title='bbox 608 2284 736 2351; x_wconf 79' lang='lat' dir='ltr'>Vienna</span> <span class='ocrx_word' id='word_1_98' title='bbox 759 2286 898 2370; x_wconf 85' lang='lat' dir='ltr'>colonis,</span> <span class='ocrx_word' id='word_1_99' title='bbox 1105 2301 1139 2352; x_wconf 77' lang='lat' dir='ltr'>re</span> 
     </span>
     <span class='ocr_line' id='line_1_19' title="bbox 124 2374 903 2461; baseline -0.004 -19"><span class='ocrx_word' id='word_1_100' title='bbox 124 2375 315 2461; x_wconf 75' lang='lat' dir='ltr'>Praecipitis</span> <span class='ocrx_word' id='word_1_101' title='bbox 338 2374 490 2441; x_wconf 88' lang='lat' dir='ltr'>Rhodani</span> <span class='ocrx_word' id='word_1_102' title='bbox 514 2374 561 2440; x_wconf 89' lang='lat' dir='ltr'>sic</span> <span class='ocrx_word' id='word_1_103' title='bbox 583 2374 738 2440; x_wconf 91' lang='lat' dir='ltr'>intercisa</span> <span class='ocrx_word' id='word_1_104' title='bbox 759 2375 903 2459; x_wconf 91' lang='lat' dir='ltr'>fluentis,</span> 
     </span>
    </p>

    <p class='ocr_par' dir='ltr' id='par_1_10' title="bbox 124 2462 1140 2640">
     <span class='ocr_line' id='line_1_20' title="bbox 124 2462 1140 2549; baseline -0.001 -20"><span class='ocrx_word' id='word_1_105' title='bbox 124 2464 171 2529; x_wconf 90' lang='lat' dir='ltr'>Vt</span> <span class='ocrx_word' id='word_1_106' title='bbox 194 2464 334 2532; x_wconf 90' lang='lat' dir='ltr'>mediam</span> <span class='ocrx_word' id='word_1_107' title='bbox 356 2462 459 2530; x_wconf 88' lang='lat' dir='ltr'>facias</span> <span class='ocrx_word' id='word_1_108' title='bbox 482 2463 593 2530; x_wconf 88' lang='lat' dir='ltr'>nauali</span> <span class='ocrx_word' id='word_1_109' title='bbox 615 2468 715 2549; x_wconf 88' lang='lat' dir='ltr'>ponte</span> <span class='ocrx_word' id='word_1_110' title='bbox 737 2464 896 2549; x_wconf 82' lang='lat' dir='ltr'>plateam,</span> <span class='ocrx_word' id='word_1_111' title='bbox 1126 2479 1140 2521; x_wconf 79' lang='lat'><em>⁶</em></span> 
     </span>
     <span class='ocr_line' id='line_1_21' title="bbox 125 2551 957 2640; baseline -0.005 -20"><span class='ocrx_word' id='word_1_112' title='bbox 125 2555 188 2620; x_wconf 90' lang='lat' dir='ltr'>Per</span> <span class='ocrx_word' id='word_1_113' title='bbox 211 2576 306 2640; x_wconf 88' lang='lat' dir='ltr'>quem</span> <span class='ocrx_word' id='word_1_114' title='bbox 329 2551 470 2621; x_wconf 89' lang='lat' dir='ltr'>Romani</span> <span class='ocrx_word' id='word_1_115' title='bbox 493 2552 685 2619; x_wconf 90' lang='lat' dir='ltr'>commercia</span> <span class='ocrx_word' id='word_1_116' title='bbox 710 2551 847 2638; x_wconf 80' lang='lat' dir='ltr'>suscipis</span> <span class='ocrx_word' id='word_1_117' title='bbox 871 2553 957 2617; x_wconf 89' lang='lat' dir='ltr'>orbis</span> 
     </span>
    </p>

    <p class='ocr_par' dir='ltr' id='par_1_11' title="bbox 124 2640 1141 2816">
     <span class='ocr_line' id='line_1_22' title="bbox 124 2640 1023 2729; baseline -0.002 -21"><span class='ocrx_word' id='word_1_118' title='bbox 124 2641 193 2709; x_wconf 87' lang='lat' dir='ltr'>Nec</span> <span class='ocrx_word' id='word_1_119' title='bbox 217 2642 364 2729; x_wconf 84' lang='lat' dir='ltr'>cohibes,</span> <span class='ocrx_word' id='word_1_120' title='bbox 387 2643 588 2728; x_wconf 88' lang='lat' dir='ltr'>populosque</span> <span class='ocrx_word' id='word_1_121' title='bbox 612 2643 694 2708; x_wconf 90' lang='lat' dir='ltr'>alios</span> <span class='ocrx_word' id='word_1_122' title='bbox 717 2646 750 2706; x_wconf 88' lang='lat' dir='ltr'>et</span> <span class='ocrx_word' id='word_1_123' title='bbox 774 2642 903 2707; x_wconf 91' lang='lat' dir='ltr'>moenia</span> <span class='ocrx_word' id='word_1_124' title='bbox 926 2640 1023 2723; x_wconf 87' lang='lat' dir='ltr'>ditas,</span> 
     </span>
     <span class='ocr_line' id='line_1_23' title="bbox 125 2730 1141 2816; baseline -0.003 -19"><span class='ocrx_word' id='word_1_125' title='bbox 125 2730 233 2797; x_wconf 85' lang='lat' dir='ltr'>Gallia</span> <span class='ocrx_word' id='word_1_126' title='bbox 256 2731 329 2815; x_wconf 89' lang='lat' dir='ltr'>quis</span> <span class='ocrx_word' id='word_1_127' title='bbox 352 2732 472 2797; x_wconf 82' lang='lat' dir='ltr'>fruitur</span> <span class='ocrx_word' id='word_1_128' title='bbox 494 2732 681 2816; x_wconf 78' lang='lat' dir='ltr'>gremioque</span> <span class='ocrx_word' id='word_1_129' title='bbox 704 2730 881 2816; x_wconf 85' lang='lat' dir='ltr'>Aquitania</span> <span class='ocrx_word' id='word_1_130' title='bbox 904 2731 979 2795; x_wconf 86' lang='lat' dir='ltr'>latu.</span> <span class='ocrx_word' id='word_1_131' title='bbox 1107 2746 1141 2794; x_wconf 84' lang='lat'>80</span> 
     </span>
    </p>
   </div>
   <div class='ocr_carea' id='block_1_8' title="bbox 198 2904 828 2976">
    <p class='ocr_par' dir='ltr' id='par_1_12' title="bbox 198 2904 828 2976">
     <span class='ocr_line' id='line_1_24' title="bbox 198 2904 828 2976; baseline -0.002 -18"><span class='ocrx_word' id='word_1_132' title='bbox 198 2910 231 2958; x_wconf 76' lang='lat'>62</span> <span class='ocrx_word' id='word_1_133' title='bbox 251 2904 335 2974; x_wconf 87' lang='lat' dir='ltr'>quas]</span> <span class='ocrx_word' id='word_1_134' title='bbox 356 2922 374 2972; x_wconf 87' lang='lat' dir='ltr'>q</span> <span class='ocrx_word' id='word_1_135' title='bbox 398 2905 425 2958; x_wconf 89' lang='lat' dir='ltr'><strong><em>V</em></strong></span> <span class='ocrx_word' id='word_1_136' title='bbox 441 2920 472 2976; x_wconf 73' lang='lat' dir='ltr'>q3</span> <span class='ocrx_word' id='word_1_137' title='bbox 493 2904 521 2957; x_wconf 86' lang='lat' dir='ltr'><strong><em>P</em></strong></span> <span class='ocrx_word' id='word_1_138' title='bbox 592 2911 625 2960; x_wconf 86' lang='grc'>63</span> <span class='ocrx_word' id='word_1_139' title='bbox 646 2904 777 2960; x_wconf 91' lang='lat' dir='ltr'>octabum</span> <span class='ocrx_word' id='word_1_140' title='bbox 802 2905 828 2957; x_wconf 87' lang='lat' dir='ltr'><strong><em>V</em></strong></span> 
     </span>
    </p>
   </div>
   <div class='ocr_carea' id='block_1_9' title="bbox 131 2991 1144 3175">
    <p class='ocr_par' dir='ltr' id='par_1_13' title="bbox 131 2991 1143 3135">
     <span class='ocr_line' id='line_1_25' title="bbox 197 2991 1143 3076; baseline -0.002 -30"><span class='ocrx_word' id='word_1_141' title='bbox 197 3011 259 3046; x_wconf 84' lang='lat' dir='ltr'>vnn</span> <span class='ocrx_word' id='word_1_142' title='bbox 278 3009 406 3053; x_wconf 69' lang='lat' dir='ltr'>lernau</span> <span class='ocrx_word' id='word_1_143' title='bbox 430 2991 457 3046; x_wconf 91' lang='lat' dir='ltr'><strong><em>V</em></strong></span> <span class='ocrx_word' id='word_1_144' title='bbox 482 2991 516 3046; x_wconf 89' lang='lat' dir='ltr'>de</span> <span class='ocrx_word' id='word_1_145' title='bbox 535 3008 552 3045; x_wconf 88' lang='lat' dir='ltr'>a</span> <span class='ocrx_word' id='word_1_146' title='bbox 553 2991 678 3062; x_wconf 80' lang='lat' dir='ltr'>quilegie</span> <span class='ocrx_word' id='word_1_147' title='bbox 698 2994 726 3047; x_wconf 92' lang='lat' dir='ltr'><em>P</em></span> <span class='ocrx_word' id='word_1_148' title='bbox 783 2998 818 3048; x_wconf 80' lang='grc'>64</span> <span class='ocrx_word' id='word_1_149' title='bbox 837 2991 909 3076; x_wconf 84' lang='lat' dir='ltr'>eret]</span> <span class='ocrx_word' id='word_1_150' title='bbox 885 2994 991 3046; x_wconf 84' lang='lat' dir='ltr'>terat</span> <span class='ocrx_word' id='word_1_151' title='bbox 1010 2991 1049 3045; x_wconf 89' lang='grc' dir='ltr'>Ρ·</span> <span class='ocrx_word' id='word_1_152' title='bbox 1069 2995 1075 3060; x_wconf 83' lang='grc' dir='ltr'>Ι</span> <span class='ocrx_word' id='word_1_153' title='bbox 1100 2994 1143 3045; x_wconf 86' lang='lat' dir='ltr'>ste</span> 
     </span>
     <span class='ocr_line' id='line_1_26' title="bbox 131 3060 1144 3175; baseline 0 -58"><span class='ocrx_word' id='word_1_154' title='bbox 131 3062 299 3175; x_wconf 78' lang='lat' dir='ltr'>Vltamcn]</span> <span class='ocrx_word' id='word_1_155' title='bbox 318 3063 351 3117; x_wconf 87' lang='lat' dir='ltr'>tu</span> <span class='ocrx_word' id='word_1_156' title='bbox 371 3061 418 3130; x_wconf 88' lang='grc' dir='ltr'>ΡΙ</span> <span class='ocrx_word' id='word_1_157' title='bbox 441 3060 524 3118; x_wconf 74' lang='lat' dir='ltr'>rece⁸¹</span> <span class='ocrx_word' id='word_1_158' title='bbox 542 3063 599 3130; x_wconf 77' lang='grc' dir='ltr'>(ὃ</span> <span class='ocrx_word' id='word_1_159' title='bbox 587 3081 619 3118; x_wconf 80' lang='lat' dir='ltr'>m</span> <span class='ocrx_word' id='word_1_160' title='bbox 636 3080 703 3130; x_wconf 84' lang='lat' dir='ltr'>raa,</span> <span class='ocrx_word' id='word_1_161' title='bbox 721 3064 745 3118; x_wconf 84' lang='lat' dir='ltr'>ti</span> <span class='ocrx_word' id='word_1_162' title='bbox 762 3079 798 3119; x_wconf 81' lang='lat' dir='ltr'>aa</span> <span class='ocrx_word' id='word_1_163' title='bbox 817 3064 914 3133; x_wconf 76' lang='lat' dir='ltr'>antiq.)</span> <span class='ocrx_word' id='word_1_164' title='bbox 938 3061 965 3117; x_wconf 92' lang='lat' dir='ltr'><strong><em>V</em></strong></span> <span class='ocrx_word' id='word_1_165' title='bbox 1033 3067 1068 3118; x_wconf 78' lang='lat'>65</span> <span class='ocrx_word' id='word_1_166' title='bbox 1087 3063 1144 3117; x_wconf 89' lang='lat' dir='ltr'>cla·</span> 
     </span>
    </p>
   </div>
   <div class='ocr_carea' id='block_1_10' title="bbox 125 3135 1148 3471">
    <p class='ocr_par' dir='ltr' id='par_1_14' title="bbox 125 3135 1148 3471">
     <span class='ocr_line' id='line_1_27' title="bbox 125 3135 1148 3269; baseline -0.001 -28"><span class='ocrx_word' id='word_1_167' title='bbox 125 3135 204 3241; x_wconf 74' lang='lat' dir='ltr'>rasnil</span> <span class='ocrx_word' id='word_1_168' title='bbox 191 3185 220 3241; x_wconf 86' lang='lat' dir='ltr'>ie</span> <span class='ocrx_word' id='word_1_169' title='bbox 239 3184 423 3269; x_wconf 76' lang='lat' dir='ltr'>Vlcieberis</span> <span class='ocrx_word' id='word_1_170' title='bbox 438 3186 465 3239; x_wconf 97' lang='lat' dir='ltr'><strong><em>V</em></strong></span> <span class='ocrx_word' id='word_1_171' title='bbox 517 3187 652 3258; x_wconf 73' lang='lat' dir='ltr'>etitala]</span> <span class='ocrx_word' id='word_1_172' title='bbox 672 3187 728 3243; x_wconf 83' lang='lat' dir='ltr'>iste</span> <span class='ocrx_word' id='word_1_173' title='bbox 747 3187 956 3256; x_wconf 68' lang='lat' dir='ltr'>Flillyncos.</span> <span class='ocrx_word' id='word_1_174' title='bbox 975 3203 1047 3256; x_wconf 62' lang='grc' dir='ltr'>γεω</span> <span class='ocrx_word' id='word_1_175' title='bbox 1064 3187 1097 3241; x_wconf 76' lang='lat' dir='ltr'>i?</span> <span class='ocrx_word' id='word_1_176' title='bbox 1121 3186 1148 3239; x_wconf 96' lang='lat' dir='ltr'><strong><em>V</em></strong></span> 
     </span>
     <span class='ocr_line' id='line_1_28' title="bbox 126 3253 1144 3330; baseline -0.001 -19"><span class='ocrx_word' id='word_1_177' title='bbox 126 3257 252 3313; x_wconf 88' lang='lat' dir='ltr'>illuricos</span> <span class='ocrx_word' id='word_1_178' title='bbox 272 3259 301 3313; x_wconf 92' lang='lat' dir='ltr'><strong><em>P</em></strong></span> <span class='ocrx_word' id='word_1_179' title='bbox 361 3263 395 3313; x_wconf 77' lang='grc'><strong>67</strong></span> <span class='ocrx_word' id='word_1_180' title='bbox 415 3257 480 3312; x_wconf 92' lang='lat' dir='ltr'>illut</span> <span class='ocrx_word' id='word_1_181' title='bbox 508 3256 622 3312; x_wconf 79' lang='lat' dir='ltr'>Vdeeat</span> <span class='ocrx_word' id='word_1_182' title='bbox 640 3253 668 3313; x_wconf 92' lang='lat' dir='ltr'><strong><em>P</em></strong></span> <span class='ocrx_word' id='word_1_183' title='bbox 729 3264 763 3314; x_wconf 84' lang='grc'>68</span> <span class='ocrx_word' id='word_1_184' title='bbox 782 3257 924 3330; x_wconf 68' lang='lat' dir='ltr'>Esslminet</span> <span class='ocrx_word' id='word_1_185' title='bbox 947 3257 974 3310; x_wconf 96' lang='lat' dir='ltr'><strong><em>V</em></strong></span> <span class='ocrx_word' id='word_1_186' title='bbox 1035 3264 1069 3313; x_wconf 82' lang='lat'>69</span> <span class='ocrx_word' id='word_1_187' title='bbox 1089 3258 1144 3311; x_wconf 87' lang='lat' dir='ltr'>aol-</span> 
     </span>
     <span class='ocr_line' id='line_1_29' title="bbox 126 3327 1144 3399; baseline 0.001 -17"><span class='ocrx_word' id='word_1_188' title='bbox 126 3327 202 3383; x_wconf 85' lang='lat' dir='ltr'>uerit</span> <span class='ocrx_word' id='word_1_189' title='bbox 215 3330 244 3384; x_wconf 97' lang='lat' dir='ltr'><strong><em>P</em></strong></span> <span class='ocrx_word' id='word_1_190' title='bbox 259 3329 381 3384; x_wconf 83' lang='lat' dir='ltr'>solberet</span> <span class='ocrx_word' id='word_1_191' title='bbox 400 3329 427 3382; x_wconf 95' lang='lat' dir='ltr'><strong><em>V</em></strong></span> <span class='ocrx_word' id='word_1_192' title='bbox 441 3331 445 3399; x_wconf 82' lang='grc' dir='ltr'>Ι</span> <span class='ocrx_word' id='word_1_193' title='bbox 470 3344 532 3384; x_wconf 88' lang='lat' dir='ltr'>aera</span> <span class='ocrx_word' id='word_1_194' title='bbox 550 3329 667 3384; x_wconf 80' lang='lat' dir='ltr'>Vincta</span> <span class='ocrx_word' id='word_1_195' title='bbox 682 3331 710 3383; x_wconf 93' lang='lat' dir='ltr'><strong><em>P</em></strong></span> <span class='ocrx_word' id='word_1_196' title='bbox 728 3333 732 3395; x_wconf 83' lang='grc' dir='ltr'>Ι</span> <span class='ocrx_word' id='word_1_197' title='bbox 757 3328 845 3384; x_wconf 84' lang='lat' dir='ltr'>lustro</span> <span class='ocrx_word' id='word_1_198' title='bbox 870 3329 896 3382; x_wconf 89' lang='lat' dir='ltr'><strong><em>V</em></strong></span> <span class='ocrx_word' id='word_1_199' title='bbox 911 3328 989 3383; x_wconf 91' lang='lat' dir='ltr'>bello</span> <span class='ocrx_word' id='word_1_200' title='bbox 1010 3327 1039 3381; x_wconf 93' lang='lat' dir='ltr'><strong><em>P</em></strong></span> <span class='ocrx_word' id='word_1_201' title='bbox 1111 3335 1144 3383; x_wconf 88' lang='grc'><strong>70</strong></span> 
     </span>
     <span class='ocr_line' id='line_1_30' title="bbox 127 3397 745 3471; baseline 0 -17"><span class='ocrx_word' id='word_1_202' title='bbox 127 3397 184 3454; x_wconf 82' lang='lat' dir='ltr'>lixa</span> <span class='ocrx_word' id='word_1_203' title='bbox 203 3400 272 3455; x_wconf 80' lang='lat' dir='ltr'>Suae</span> <span class='ocrx_word' id='word_1_204' title='bbox 294 3399 368 3455; x_wconf 80' lang='lat' dir='ltr'>lixue</span> <span class='ocrx_word' id='word_1_205' title='bbox 388 3421 410 3455; x_wconf 87' lang='grc' dir='ltr'><strong><em>ω</em></strong></span> <span class='ocrx_word' id='word_1_206' title='bbox 483 3406 516 3455; x_wconf 87' lang='grc'><strong>71</strong></span> <span class='ocrx_word' id='word_1_207' title='bbox 536 3399 693 3471; x_wconf 85' lang='lat' dir='ltr'>trihumphi</span> <span class='ocrx_word' id='word_1_208' title='bbox 719 3400 745 3454; x_wconf 92' lang='lat' dir='ltr'><strong><em>V</em></strong></span> 
     </span>
    </p>
   </div>
   <div class='ocr_carea' id='block_1_11' title="bbox 128 3488 1148 3845">
    <p class='ocr_par' dir='ltr' id='par_1_15' title="bbox 128 3488 1148 3845">
     <span class='ocr_line' id='line_1_31' title="bbox 199 3488 1144 3558; baseline 0.002 -17"><span class='ocrx_word' id='word_1_209' title='bbox 199 3509 216 3542; x_wconf 82' lang='lat' dir='ltr'>x</span> <span class='ocrx_word' id='word_1_210' title='bbox 234 3507 336 3544; x_wconf 66' lang='lat' dir='ltr'>innuas</span> <span class='ocrx_word' id='word_1_211' title='bbox 356 3490 382 3543; x_wconf 96' lang='lat' dir='ltr'><strong><em>V</em></strong></span> <span class='ocrx_word' id='word_1_212' title='bbox 403 3490 437 3545; x_wconf 89' lang='lat' dir='ltr'>de</span> <span class='ocrx_word' id='word_1_213' title='bbox 457 3488 590 3545; x_wconf 85' lang='lat' dir='ltr'>arletenai</span> <span class='ocrx_word' id='word_1_214' title='bbox 609 3490 677 3544; x_wconf 86' lang='lat' dir='ltr'>urbe</span> <span class='ocrx_word' id='word_1_215' title='bbox 699 3489 725 3543; x_wconf 91' lang='lat' dir='ltr'><strong><em>T</em></strong></span> <span class='ocrx_word' id='word_1_216' title='bbox 745 3489 779 3544; x_wconf 89' lang='lat' dir='ltr'>da</span> <span class='ocrx_word' id='word_1_217' title='bbox 798 3488 902 3544; x_wconf 88' lang='lat' dir='ltr'>uienna</span> <span class='ocrx_word' id='word_1_218' title='bbox 917 3489 945 3543; x_wconf 90' lang='lat' dir='ltr'><strong><em>P</em></strong></span> <span class='ocrx_word' id='word_1_219' title='bbox 998 3493 1032 3542; x_wconf 84' lang='grc'><strong>73</strong></span> <span class='ocrx_word' id='word_1_220' title='bbox 1051 3488 1144 3558; x_wconf 85' lang='lat' dir='ltr'>pande</span> 
     </span>
     <span class='ocr_line' id='line_1_32' title="bbox 133 3558 1144 3630; baseline 0.001 -18"><span class='ocrx_word' id='word_1_221' title='bbox 133 3559 160 3612; x_wconf 95' lang='lat' dir='ltr'><strong><em>V</em></strong></span> <span class='ocrx_word' id='word_1_222' title='bbox 175 3559 263 3630; x_wconf 88' lang='lat' dir='ltr'>prode</span> <span class='ocrx_word' id='word_1_223' title='bbox 284 3559 344 3613; x_wconf 91' lang='lat' dir='ltr'>PT</span> <span class='ocrx_word' id='word_1_224' title='bbox 415 3567 456 3616; x_wconf 84' lang='grc'><strong>73.</strong></span> <span class='ocrx_word' id='word_1_225' title='bbox 478 3566 511 3617; x_wconf 82' lang='grc'><strong>74</strong></span> <span class='ocrx_word' id='word_1_226' title='bbox 529 3561 614 3618; x_wconf 78' lang='lat' dir='ltr'>uerba</span> <span class='ocrx_word' id='word_1_227' title='bbox 632 3561 792 3616; x_wconf 84' lang='lat' dir='ltr'>arelats-</span> <span class='ocrx_word' id='word_1_228' title='bbox 758 3576 891 3614; x_wconf 88' lang='lat' dir='ltr'>-roma</span> <span class='ocrx_word' id='word_1_229' title='bbox 908 3576 958 3616; x_wconf 78' lang='lat' dir='ltr'>orn.</span> <span class='ocrx_word' id='word_1_230' title='bbox 980 3558 1041 3613; x_wconf 95' lang='lat' dir='ltr'>PT</span> <span class='ocrx_word' id='word_1_231' title='bbox 1112 3565 1144 3614; x_wconf 82' lang='grc'><strong>73</strong></span> 
     </span>
     <span class='ocr_line' id='line_1_33' title="bbox 128 3629 1145 3714; baseline 0 -29"><span class='ocrx_word' id='word_1_232' title='bbox 128 3629 246 3685; x_wconf 85' lang='lat' dir='ltr'>blanda:</span> <span class='ocrx_word' id='word_1_233' title='bbox 266 3631 313 3684; x_wconf 85' lang='lat' dir='ltr'>ult.</span> <span class='ocrx_word' id='word_1_234' title='bbox 333 3648 351 3685; x_wconf 91' lang='lat' dir='ltr'>a</span> <span class='ocrx_word' id='word_1_235' title='bbox 368 3632 400 3686; x_wconf 75' lang='lat' dir='ltr'>in</span> <span class='ocrx_word' id='word_1_236' title='bbox 418 3646 474 3687; x_wconf 86' lang='lat' dir='ltr'>raa</span> <span class='ocrx_word' id='word_1_237' title='bbox 492 3631 519 3684; x_wconf 96' lang='lat' dir='ltr'><strong><em>V</em></strong></span> <span class='ocrx_word' id='word_1_238' title='bbox 569 3632 657 3702; x_wconf 57' lang='lat' dir='ltr'>portu·</span> <span class='ocrx_word' id='word_1_239' title='bbox 676 3634 786 3714; x_wconf 71' lang='lat' dir='ltr'>(pecc</span> <span class='ocrx_word' id='word_1_240' title='bbox 805 3632 849 3686; x_wconf 79' lang='lat' dir='ltr'>uel</span> <span class='ocrx_word' id='word_1_241' title='bbox 867 3630 937 3702; x_wconf 92' lang='lat' dir='ltr'>t)V</span> <span class='ocrx_word' id='word_1_242' title='bbox 989 3635 1024 3684; x_wconf 88' lang='grc'>74</span> <span class='ocrx_word' id='word_1_243' title='bbox 1042 3630 1145 3685; x_wconf 80' lang='lat' dir='ltr'>nurrbo</span> 
     </span>
     <span class='ocr_line' id='line_1_34' title="bbox 134 3692 1084 3773; baseline 0 -19"><span class='ocrx_word' id='word_1_244' title='bbox 134 3701 161 3754; x_wconf 94' lang='lat' dir='ltr'><strong><em>V</em></strong></span> <span class='ocrx_word' id='word_1_245' title='bbox 178 3701 207 3770; x_wconf 91' lang='lat' dir='ltr'>(b</span> <span class='ocrx_word' id='word_1_246' title='bbox 225 3717 259 3756; x_wconf 78' lang='lat' dir='ltr'>ex</span> <span class='ocrx_word' id='word_1_247' title='bbox 278 3707 312 3756; x_wconf 82' lang='lat'>0?</span> <span class='ocrx_word' id='word_1_248' title='bbox 337 3701 384 3772; x_wconf 88' lang='lat' dir='ltr'>V¹)</span> <span class='ocrx_word' id='word_1_249' title='bbox 459 3708 492 3757; x_wconf 78' lang='lat'>⁷5</span> <span class='ocrx_word' id='word_1_250' title='bbox 511 3704 648 3773; x_wconf 85' lang='lat' dir='ltr'>opulenta</span> <span class='ocrx_word' id='word_1_251' title='bbox 666 3702 776 3758; x_wconf 84' lang='lat' dir='ltr'>colonie</span> <span class='ocrx_word' id='word_1_252' title='bbox 794 3692 899 3757; x_wconf 75' lang='lat' dir='ltr'>ifienna</span> <span class='ocrx_word' id='word_1_253' title='bbox 916 3700 1024 3756; x_wconf 86' lang='lat' dir='ltr'>colonia</span> <span class='ocrx_word' id='word_1_254' title='bbox 1047 3701 1084 3754; x_wconf 90' lang='lat' dir='ltr'>T¹</span> 
     </span>
     <span class='ocr_line' id='line_1_35' title="bbox 130 3770 1148 3845; baseline 0 -19"><span class='ocrx_word' id='word_1_255' title='bbox 130 3775 164 3827; x_wconf 81' lang='grc'><strong>76</strong></span> <span class='ocrx_word' id='word_1_256' title='bbox 183 3771 282 3826; x_wconf 89' lang='lat' dir='ltr'>rodani</span> <span class='ocrx_word' id='word_1_257' title='bbox 295 3771 354 3826; x_wconf 91' lang='lat' dir='ltr'>PT</span> <span class='ocrx_word' id='word_1_258' title='bbox 366 3778 370 3842; x_wconf 76' lang='lat' dir='ltr'>l</span> <span class='ocrx_word' id='word_1_259' title='bbox 385 3771 533 3829; x_wconf 79' lang='lat' dir='ltr'>intercisae</span> <span class='ocrx_word' id='word_1_260' title='bbox 542 3774 571 3828; x_wconf 92' lang='lat' dir='ltr'><strong><em>P</em></strong></span> <span class='ocrx_word' id='word_1_261' title='bbox 614 3780 648 3830; x_wconf 83' lang='grc'><strong>78</strong></span> <span class='ocrx_word' id='word_1_262' title='bbox 666 3774 788 3845; x_wconf 87' lang='lat' dir='ltr'>romani]</span> <span class='ocrx_word' id='word_1_263' title='bbox 807 3790 900 3828; x_wconf 89' lang='lat' dir='ltr'>rerum</span> <span class='ocrx_word' id='word_1_264' title='bbox 909 3773 938 3827; x_wconf 92' lang='lat' dir='ltr'><strong><em>P</em></strong></span> <span class='ocrx_word' id='word_1_265' title='bbox 951 3780 955 3840; x_wconf 79' lang='grc' dir='ltr'>Ι</span> <span class='ocrx_word' id='word_1_266' title='bbox 971 3770 1111 3828; x_wconf 84' lang='lat' dir='ltr'>comertra</span> <span class='ocrx_word' id='word_1_267' title='bbox 1122 3771 1148 3826; x_wconf 89' lang='lat' dir='ltr'><strong><em>T</em></strong></span> 
     </span>
    </p>
   </div>
   <div class='ocr_carea' id='block_1_12' title="bbox 131 3849 1146 3951">
    <p class='ocr_par' dir='ltr' id='par_1_16' title="bbox 131 3849 1146 3951">
     <span class='ocr_line' id='line_1_36' title="bbox 131 3849 1146 3951; baseline 0.002 -18"><span class='ocrx_word' id='word_1_268' title='bbox 131 3883 164 3934; x_wconf 86' lang='grc'><strong>79</strong></span> <span class='ocrx_word' id='word_1_269' title='bbox 179 3876 274 3934; x_wconf 86' lang='lat' dir='ltr'>coibea</span> <span class='ocrx_word' id='word_1_270' title='bbox 289 3878 334 3949; x_wconf 75' lang='lat' dir='ltr'>Vl</span> <span class='ocrx_word' id='word_1_271' title='bbox 349 3879 440 3934; x_wconf 89' lang='lat' dir='ltr'>alisT</span> <span class='ocrx_word' id='word_1_272' title='bbox 472 3886 507 3936; x_wconf 81' lang='lat'>80</span> <span class='ocrx_word' id='word_1_273' title='bbox 520 3849 595 3936; x_wconf 58' lang='lat' dir='ltr'>fluits</span> <span class='ocrx_word' id='word_1_274' title='bbox 605 3881 630 3936; x_wconf 91' lang='lat' dir='ltr'><strong><em>T</em></strong></span> <span class='ocrx_word' id='word_1_275' title='bbox 644 3884 648 3951; x_wconf 85' lang='grc' dir='ltr'>Ι</span> <span class='ocrx_word' id='word_1_276' title='bbox 665 3881 843 3950; x_wconf 88' lang='lat' dir='ltr'>acquitanica</span> <span class='ocrx_word' id='word_1_277' title='bbox 854 3881 882 3935; x_wconf 91' lang='lat' dir='ltr'><strong><em>P</em></strong></span> <span class='ocrx_word' id='word_1_278' title='bbox 896 3883 901 3951; x_wconf 84' lang='lat' dir='ltr'>l</span> <span class='ocrx_word' id='word_1_279' title='bbox 915 3878 993 3935; x_wconf 82' lang='lat' dir='ltr'>laeto</span> <span class='ocrx_word' id='word_1_280' title='bbox 1008 3877 1146 3936; x_wconf 74' lang='lat' dir='ltr'>Vinctus?</span> 
     </span>
    </p>
   </div>
   <div class='ocr_carea' id='block_1_13' title="bbox 0 0 1231 4274">
    <p class='ocr_par' dir='ltr' id='par_1_17' title="bbox 0 0 1231 4274">
     <span class='ocr_line' id='line_1_37' title="bbox 0 0 1231 4274; baseline 0 0"><span class='ocrx_word' id='word_1_281' title='bbox 0 0 1231 4274; x_wconf 95' lang='lat' dir='ltr'> </span> 
     </span>
    </p>
   </div>
  </div>
 </body>
</html>
