2400 4282
445 570 473 581 -
523 552 596 600 LVII
642 570 682 581 ···

121 693 191 761 1111
214 693 380 760 Mosella
399 694 488 759 solus
508 702 599 759 extat
622 693 725 759 inhia
747 693 840 758 libris
859 693 1068 759 inferioribus

52 782 83 849 G
102 804 207 866 neque
226 804 265 846 ex
284 783 341 846 illo
361 783 515 861 deductis,
535 783 589 866 qui
609 786 718 846 tomen
738 803 776 846 ex
794 782 959 847 communi
976 782 1067 848 fonte

52 893 160 956 pauca
182 871 340 955 quaedam
363 873 483 935 rectius
510 877 680 936 seruarunt
702 893 800 954 quam
823 868 1022 935 SGallensis:

128 978 207 1043 V==
217 976 384 1061 Repincnsi
397 980 487 1062 1650,
507 977 586 1042 olim
601 975 632 1042 S.
646 976 797 1062 Remigii,
815 978 948 1042 membr.
963 999 987 1042 s.
1001 977 1032 1041 X
1047 977 1069 1042 f.
1092 975 1119 1031 V

54 1066 217 1134 38¹¹-4of
240 1067 334 1132 med:
357 1067 385 1130 is
409 1070 536 1132 tantum
555 1089 607 1131 uu.
629 1067 768 1132 1-180
790 1065 890 1131 habet
907 1065 999 1130 nulla
1021 1067 1068 1131 in·

56 1156 250 1240 scriptione,
276 1154 381 1220 medio
410 1155 444 1218 in
469 1154 548 1220 folio
573 1176 702 1219 carmen
726 1154 936 1238 abrumpitur.
974 1153 1069 1219 huius

55 1243 210 1310 lectiones
243 1242 377 1328 propius
411 1244 452 1307 ad
486 1241 517 1308 G
549 1243 705 1308 accedunt
736 1241 790 1329 (cf.
823 1242 952 1309 Ueberl.
980 1239 1070 1328 301).

55 1331 164 1398 AMau
192 1330 312 1396 librum
341 1331 481 1397 contulit
508 1336 541 1396 et
568 1353 675 1397 meum
703 1333 737 1395 in
766 1355 859 1396 usum
887 1336 920 1396 et
949 1332 1070 1396 iterum

54 1425 170 1506 postea
193 1417 394 1486 Schenkalio.

122 1525 156 1591 R
166 1556 208 1578 ==
218 1525 449 1609 Rhenaapiensi
460 1547 544 1591 nanc
557 1527 718 1592 Turireasi
731 1527 800 1592 balal.
813 1527 949 1592 renium.
963 1525 1073 1591 LXII
1088 1526 1117 1580 R

56 1615 192 1679 membr.
216 1636 240 1678 s.
258 1613 322 1678 Xll
346 1615 574 1681 1283-285.
615 1614 832 1680 conlationem
855 1613 1070 1679 Blucmnerus

57 1703 138 1767 mihi
163 1703 261 1766 misit.
307 1702 547 1788 Rhenaugiensi
576 1702 693 1768 similis
724 1708 794 1767 erat
820 1703 918 1786 liber,
945 1725 1008 1787 quo
1038 1705 1071 1766 et

57 1792 166 1856 editor
188 1790 335 1856 Iuntinus
359 1797 392 1856 et
411 1792 523 1857 eodem
543 1792 672 1876 quidem
697 1813 782 1856 anno
802 1792 857 1855 sed
880 1790 1070 1876 pastillum

56 1879 280 1963 Hieronymus
308 1879 469 1945 Anantius
495 1880 530 1945 in
561 1879 701 1945 editione
733 1878 853 1944 Aldina
885 1879 1071 1945 adornanda

58 1991 136 2034 usus
160 1971 219 2033 est.

124 2074 331 2140 amariae
352 2075 520 2158 Aapieasia
538 2077 658 2141 multos
682 2074 838 2141 Mosellae
862 2096 973 2139 uersus
1002 2097 1069 2140 sus·

57 2163 135 2227 tulit
159 2162 195 2226 in
213 2161 353 2246 epistola
372 2163 413 2228 ad
431 2162 632 2230 Grimoldum
651 2164 955 2248 archicapellanum,
974 2185 1071 2247 quam

59 2273 96 2316 ex
121 2250 191 2316 eod.
215 2248 265 2315 Sti
293 2249 379 2316 Galli
409 2252 474 2317 265
502 2252 604 2317 edidit
630 2251 848 2318 EDuemmler
875 2251 969 2317 Halis
998 2251 1071 2317 San.

62 2340 158 2405 1873.
196 2338 251 2422 qui
274 2339 357 2404 unde
380 2340 532 2405 habuerit
554 2341 705 2419 codicem,
728 2363 794 2407 non
817 2345 954 2406 constat.

129 2444 269 2511 Treuiris
292 2446 370 2511 olim
398 2447 431 2512 in
454 2448 651 2512 monasterio
675 2446 856 2512 SEuclrarii
882 2446 981 2510 fuisse
1004 2444 1072 2510 Mo·

61 2534 162 2598 sellae
195 2535 336 2599 codicem
369 2535 520 2600 docemur
553 2536 594 2600 ab
628 2534 801 2600 Gestorum
831 2533 1072 2598 Treuirensium

60 2626 208 2706 auctore,
230 2623 286 2706 qui
309 2624 442 2707 scripsit
464 2645 489 2690 s.
511 2623 591 2707 XII,
616 2629 712 2708 atque
740 2645 791 2704 eo,
819 2623 875 2707 qui
898 2619 997 2685 Gesta
1015 2622 1073 2685 illa

59 2711 267 2776 continuauit
294 2708 469 2798 (Waitaius
497 2713 544 2777 ed.
573 2713 607 2776 in
635 2711 750 2776 Pertzii
781 2709 827 2776 SS
854 2708 937 2774 VIII
965 2711 1072 2775 130-

61 2798 150 2886 174).
187 2799 327 2885 legimus
350 2800 434 2885 apud
457 2822 531 2865 eum
554 2822 579 2866 c.
604 2802 647 2866 20
671 2798 717 2887 (p.
737 2800 814 2882 156,
837 2799 889 2886 4):

132 2917 241 2986 „Erant
266 2934 299 2973 eo
326 2921 452 2989 tempore
475 2920 550 2990 apud
574 2917 705 2975 Trebiros
728 2919 811 2974 multi
833 2921 944 2976 nobiles
972 2925 1001 2975 et
1029 2938 1073 2976 ec·

58 2986 213 3045 elesiuuci
230 2988 297 3051 uiri,
315 2989 364 3044 ille
382 2989 517 3045 uidelicet
530 2991 670 3060 presbiter
683 2990 858 3046 lheronimus
877 2992 911 3047 da
927 2992 1073 3046 Bethleem

58 3063 88 3116 et
120 3059 262 3114 Ausonius
288 3059 504 3130 Burdogalensia
531 3061 637 3130 aliique
664 3077 750 3143 quam
776 3061 898 3131 plurImi.
948 3063 1073 3129 Quorum

58 3131 237 3186 lberonimus
259 3131 397 3200 prolixum
421 3132 505 3187 ualde
528 3132 563 3188 de
586 3133 700 3198 synodm
726 3133 828 3187 librum
854 3134 943 3188 sancti
971 3133 1073 3188 hilarii

57 3203 166 3257 ibidem
185 3201 356 3272 conscripsit,
375 3202 518 3258 Ausonius
535 3219 602 3257 uero
622 3204 749 3258 libellum
768 3204 815 3272 qui
834 3203 937 3259 dicitur
956 3205 1073 3261 Mosella

57 3272 178 3327 metrice
200 3275 360 3343 compoauIt
381 3275 410 3328 et
432 3276 533 3344 postea
555 3291 682 3328 reuersus
704 3275 734 3328 iu
759 3274 879 3344 patriam
900 3276 1005 3346 grande
1024 3291 1073 3330 uo·

58 3345 156 3398 lumen
180 3345 339 3413 composuit
358 3345 396 3398 ad
418 3344 552 3400 honoram
576 3345 659 3400 huius
682 3345 804 3415 patriae,
829 3347 904 3415 quod
930 3347 978 3415 qui
1003 3347 1073 3402 scire

58 3413 196 3482 uoluerit,
213 3415 245 3468 iu
262 3413 422 3485 Burdegala
439 3414 561 3485 reperire
579 3417 709 3486 poterit.“

58 3524 180 3590 ultima
217 3525 317 3589 uerba
349 3546 387 3589 ex
421 3526 571 3591 uersibus
603 3526 742 3591 Ausonii
779 3527 863 3591 male
899 3527 1074 3592 intellectis

58 3613 191 3698 quidem
222 3613 352 3679 fluxisse
383 3613 655 3698 wyttenbachius
682 3614 777 3697 uidit,
810 3615 866 3680 sed
899 3621 1073 3695 auctorem,

60 3722 156 3787 quem
190 3698 222 3766 S.
254 3700 409 3766 Eucherii
441 3703 673 3767 monasterium
705 3704 879 3769 incoluisse
912 3703 1073 3768 Waltzius

60 3790 142 3856 dicit
177 3813 208 3875 p.
240 3791 320 3872 116,
361 3789 518 3855 Mosellae
559 3791 677 3856 librum
713 3791 868 3859 habuisse
902 3797 1085 3859 testantur.

60 3879 260 3959 eundemque
282 3879 400 3942 librum
425 3880 466 3944 ni
489 3879 589 3949 fallor
618 3883 789 3979 adhibuit,
816 3888 876 3977 qui
900 3884 1105 3956 chronicam
