2400 4282
547 500 765 564 ..60-

67 662 135 714 1460
154 645 307 711 cornibus
331 643 524 727 ingreditur,
547 641 575 706 si
598 642 705 726 quarti
728 641 847 706 sideris
871 645 952 707 ortu
1144 652 1174 723 Q

154 734 299 819 percussi
321 736 452 797 tenuem
475 730 648 816 protendat
670 729 816 814 corporis
840 731 1013 817 umbram,

153 822 312 887 imbribus
336 825 393 885 sut
414 820 562 904 zephyris
586 818 806 902 hebetabitur,
831 824 954 905 urguet
975 820 1063 885 ultro

154 911 259 976 flabra
281 910 353 975 noti
376 912 432 974 aut
453 909 590 993 pluuias.
634 929 712 972 uam
735 929 866 973 crassus
890 908 1033 992 desuper
1054 930 1104 974 aar
1185 954 1192 993 ,

155 1021 277 1064 cornua
299 1020 394 1065 caeca
416 999 549 1082 premit,
571 1000 670 1061 notus
694 996 809 1061 uuidus
833 1018 914 1061 sera
938 999 1039 1084 cogit.
1188 998 1192 1015 '

69 1087 255 1154 iresterna
278 1088 306 1151 si
328 1108 455 1151 rursum
478 1084 636 1170 protollst
659 1082 802 1169 Cynthia
824 1107 957 1170 cursus,
1150 1098 1176 1161 ι,

158 1177 204 1242 sic
228 1176 378 1241 subrecta
400 1175 487 1240 faces
509 1179 543 1239 et
565 1175 713 1238 acumine
734 1176 826 1238 tento
849 1195 1043 1260 coruscans,

156 1268 193 1329 ut
215 1286 273 1330 nec
296 1285 395 1328 curus
417 1264 509 1347 quasi
532 1263 672 1327 declinet
693 1283 815 1328 cornua
837 1283 899 1327 nec
922 1286 960 1329 se

155 1354 230 1417 fusa
253 1352 405 1434 supinato
428 1351 560 1416 diducat
582 1351 705 1415 lumine
728 1352 762 1415 in
785 1373 898 1415 suras:
1190 1400 1193 1433 ,

156 1441 288 1506 occiduo
311 1440 487 1523 zephyrum
509 1439 672 1524 praedicet
693 1459 825 1524 surgere
848 1441 974 1506 mundo
1191 1440 1193 1466 ³

70 1542 138 1594 1410
157 1533 215 1594 sut
236 1528 357 1613 Libyae
381 1528 419 1592 de
443 1533 536 1612 parte
558 1533 682 1593 notum.
728 1529 779 1593 sin
802 1533 962 1612 quattuor
986 1534 1092 1596 autem
1157 1540 1186 1609 ¹3

157 1615 303 1702 Cynthia
325 1618 492 1683 curriculis
515 1618 639 1683 caelum
663 1617 752 1682 subit
773 1616 879 1701 adque
902 1620 1048 1684 coruscis

156 1707 308 1772 cornibus
330 1706 491 1772 inmodice
513 1706 737 1792 prostantibus
759 1707 881 1771 exserit
903 1709 1014 1792 ignes,

156 1795 207 1860 uis
230 1796 356 1880 prolixa
379 1796 485 1859 salum
508 1795 583 1878 ciet,
606 1794 695 1860 ocius
719 1795 828 1860 omnia
850 1797 943 1860 cauri

157 1906 319 1949 marmora
342 1885 554 1966 couuoluent,
576 1883 646 1948 fers
667 1887 798 1948 uerrent
819 1882 925 1948 flabra
947 1884 1142 1969 profundum

69 1986 137 2037 1415
157 1973 251 2036 istius
274 1974 308 2037 in
330 1973 451 2037 borean
477 1971 561 2057 quod
586 1993 620 2036 se
643 1972 785 2036 sustollit
808 1993 958 2054 acumen,
1163 1984 1183 2026 1

158 2062 186 2124 si
209 2083 342 2124 curuum
366 2061 472 2144 specie
494 2061 585 2124 uelut
607 2062 739 2143 adnuet,
763 2060 874 2125 adfore
898 2063 990 2127 caelo

159 2172 255 2214 saeua
278 2149 449 2232 procellosi
472 2148 636 2233 praedicet
657 2149 759 2214 flabra
782 2150 955 2233 aquilonis.

157 2260 295 2323 namque
319 2238 381 2303 hoc
404 2239 512 2322 urgeri
536 2259 606 2302 sese
630 2238 750 2302 adserit
772 2238 898 2322 hocque
922 2241 1069 2324 grauari,

159 2329 185 2391 si
210 2328 287 2392 luna
312 2327 380 2391 alta
402 2332 497 2391 tuens
521 2324 614 2391 docet
636 2327 821 2391 inclinarier
843 2328 922 2393 alte.

71 2435 137 2484 risu
158 2416 261 2481 indice
285 2438 395 2480 rursus
420 2437 457 2480 eo
482 2416 589 2479 ueniet
612 2420 723 2497 netur,
745 2414 828 2480 hanc
852 2415 908 2480 ubi
933 2422 1060 2500 partem
1166 2427 1187 2469 1⁵

156 2527 240 2588 pone
264 2506 408 2589 supinari
431 2504 635 2587 conspexeris
658 2505 754 2588 inque
777 2504 932 2569 reclinem

157 2598 271 2677 sponte
294 2594 443 2658 habitum
465 2593 580 2676 pandi,
603 2615 680 2657 nam
704 2594 851 2677 subrigat
874 2600 986 2659 auster
1009 2616 1136 2659 acumen

155 2683 306 2747 inferiore
329 2682 436 2766 plaga.
483 2683 509 2746 si
533 2683 643 2745 lunam
667 2682 782 2745 tertius
806 2685 895 2746 ortus

154 2771 298 2854 proferat
322 2771 425 2855 adque
449 2770 526 2835 deae
550 2770 725 2835 conuolust
747 2770 886 2834 circulus
911 2793 987 2836 oras

153 2896 287 2903 -—.--.-...
297 2898 321 2902 -.

226 2968 294 3016 1460
314 2967 376 3016 ortu
395 2978 410 3015 o
430 2964 522 3015 ortum
546 2962 619 3016 VAe
692 2967 757 3016 1461
778 2963 901 3030 percussi
920 2965 1036 3018 tenuem
1057 2964 1154 3017 Grotim

153 3035 276 3104 percussi
300 3035 331 3087 ut
354 3035 466 3087 tenuem
490 3033 564 3087 Vde
621 3039 688 3088 1468
712 3033 815 3088 lumine
833 3032 863 3085 in
882 3049 967 3088 auras
986 3038 1013 3088 A
1034 3034 1154 3089 lumines-

152 3107 264 3160 inauras
295 3105 320 3157 V
341 3105 433 3159 lumen
456 3104 485 3157 iu
509 3120 591 3158 auras
614 3122 651 3159 ev
675 3106 710 3170 cs.
733 3104 845 3157 Homer
866 3104 949 3158 XVI
963 3124 994 3175 p.
1014 3111 1068 3160 131
1088 3124 1112 3158 u
1127 3105 1155 3157 91

155 3237 223 3286 1470
244 3231 348 3300 Libyae
368 3231 395 3283 A
418 3229 511 3298 lybiae
535 3228 561 3281 V
632 3234 700 3281 1471.>
718 3227 910 3297 prostentibus
928 3245 945 3282 o
964 3190 1156 3314 prescientibus

159 3339 184 3391 V
207 3337 411 3408 prostrantibus
434 3335 484 3389 Ae
505 3337 515 3403 ss
538 3335 641 3388 exserit
663 3334 776 3388 Grotius
802 3334 904 3387 snserit
932 3335 959 3386 V
984 3337 1085 3390 umerit
1111 3350 1155 3388 cor-

154 3413 224 3464 rexit
247 3410 273 3461 A
348 3415 415 3462 1473
444 3406 485 3460 uis
514 3406 627 3459 Grotius
650 3405 697 3457 uix
727 3404 805 3472 Vrlfl
827 3405 905 3459 cauri
928 3423 944 3459 r
968 3408 1066 3461 chauri
1096 3406 1156 3458 l'lc

154 3487 222 3535 1474
247 3480 305 3534 iera
323 3482 349 3532 A
369 3480 442 3533 ferra
466 3478 492 3529 V
507 3479 517 3545 ΙΙ
534 3479 644 3531 uerrent
668 3475 693 3527 V
710 3478 820 3529 uertent
839 3477 864 3529 A
941 3484 1011 3532 1476
1029 3478 1155 3548 special

152 3552 262 3622 speciae
288 3550 313 3602 V
329 3551 339 3618 Ι
357 3550 463 3603 adnuat
481 3550 587 3602 correxi
605 3551 690 3601 anuat
714 3545 740 3598 V
755 3550 861 3601 annuat
879 3549 906 3600 A
944 3549 1042 3603 adfore
1061 3568 1074 3603 e
1091 3549 1157 3602 afore

159 3623 184 3674 Γ
201 3621 286 3676 affore
305 3619 333 3672 A
392 3625 459 3672 1479
479 3619 502 3673 si
521 3619 587 3673 luna
605 3619 665 3672 alta
682 3619 763 3671 tuens
781 3619 881 3687 scripsi
900 3621 935 3685 et'.
951 3620 1065 3675 Horres
1082 3616 1157 3672 XIII

147 3713 177 3764 p.
194 3697 249 3748 363
269 3710 296 3746 n.
311 3696 347 3746 46
367 3691 452 3744 Simu
470 3691 528 3762 alte
544 3690 648 3744 tuendo
668 3688 694 3741 V
707 3689 820 3742 Summa
834 3689 891 3743 ulte
906 3692 1014 3746 tuendo
1030 3694 1079 3745 Ae
1095 3692 1157 3744 bunc

151 3781 257 3821 reorum
276 3763 375 3819 omittit
395 3778 409 3814 u
