2400 4282
467 524 686 589 ..42-

67 680 229 747 Inuiolata
251 687 346 747 tuens
370 686 479 748 castae
502 683 675 768 praeconia
697 683 787 749 uitae
1071 702 1089 751 a

112 770 209 835 Rexit
231 792 310 856 opes
333 773 482 855 proprias
505 772 575 837 otia
597 776 715 857 agente
738 773 827 838 uiro:

67 857 142 924 Non
166 859 239 924 ideo
263 860 461 944 exprobrans
484 863 542 924 aut
563 860 671 925 fronte
694 860 839 926 obducta
861 862 1000 947 marito,

112 947 205 1023 Quod
229 952 356 1033 gereret
378 953 483 1014 totam
506 949 626 1014 femina
649 950 722 1016 sola
745 950 888 1016 domum

67 1036 141 1102 Heu
162 1037 300 1103 nimium
323 1037 463 1122 iuuenis,
486 1038 542 1103 sed
565 1038 652 1103 laeta
676 1040 854 1122 superstite
875 1045 954 1106 nato

111 1125 220 1210 Atque
244 1128 329 1210 uiro,
351 1127 481 1209 patiens
504 1127 573 1191 fata
597 1149 749 1212 suprema
773 1128 872 1194 obiit:
1057 1147 1090 1196 ιο

67 1213 239 1280 Vnanimis
261 1220 395 1280 nostrae
418 1220 451 1279 et
474 1214 636 1300 quondam
660 1237 817 1302 germana
840 1215 979 1283 Sabinae

113 1302 158 1367 Et
180 1305 261 1368 mihi
284 1304 443 1369 inoffenso
466 1305 598 1369 nomine
621 1304 707 1369 dieta
730 1326 831 1370 soror.

69 1389 162 1457 Nune
187 1392 287 1458 etiam
311 1413 421 1457 manes
444 1392 589 1478 placidos
612 1393 666 1476 pia
689 1414 767 1458 eura
788 1397 948 1459 retractat

112 1480 221 1565 Atque
244 1480 464 1547 Pudentillam
487 1482 590 1546 fantis
613 1481 736 1547 honore
759 1482 847 1548 colit

200 1710 260 1765 XX.
288 1707 459 1763 chans
478 1707 643 1763 Tnnlslvs
664 1661 793 1763 EbRVM
811 1707 941 1763 malva

67 1835 136 1901 Nee
160 1837 225 1901 iam
248 1841 299 1917 tu,
323 1837 436 1901 matris
459 1859 534 1921 spes
557 1837 667 1919 unica,
689 1835 814 1921 ephebe
837 1833 954 1919 Talisi,

112 1923 315 1990 Consobrine
338 1947 445 2008 meus,
466 1925 699 1990 inmemoratus
723 1923 801 2006 eris,

68 2012 209 2096 Ereptus
232 2013 346 2098 primis
369 2013 441 2077 aeui
465 2014 611 2079 florentis
634 2015 669 2078 in
692 2013 799 2097 annis,

113 2100 184 2163 Iam
207 2105 316 2165 tamen
340 2107 373 2164 et
395 2102 534 2166 coniunx
541 2153 550 2186 ,
572 2104 638 2167 iam
661 2105 832 2188 properate
855 2105 958 2186 pater.

69 2188 255 2254 Festinasse
277 2193 373 2272 putes
396 2189 514 2272 fatum,
536 2213 577 2255 ne
600 2190 697 2256 funus
721 2190 876 2255 acerbum
1066 2208 1083 2256 ⁶

113 2277 243 2343 Diceret
264 2278 327 2344 hoe
350 2279 480 2363 genitor
503 2282 571 2343 tam
596 2279 659 2345 eito
682 2274 788 2345 faetus
811 2300 904 2345 auus.

152 2506 226 2562 XXI.
250 2506 406 2562 A‘ITVSIA
425 2504 573 2561 Lucana
590 2504 736 2561 TALISIA
755 2506 801 2560 ET
820 2505 1000 2562 Mfflvclvs

397 2578 565 2633 REGVLVS
584 2577 752 2632 ADFINES.

68 2703 197 2770 Notitia
220 2706 313 2771 exilis
336 2705 445 2788 nobis,
468 2706 614 2789 Attusia,
637 2710 758 2788 tecum,

113 2791 259 2879 Cumque
282 2799 340 2859 tuo
363 2795 461 2879 plane
484 2795 621 2878 coniuge
642 2793 735 2858 nulla
759 2793 829 2858 init

69 2879 192 2947 Verum
215 2888 252 2947 tu
275 2885 407 2947 nostine
431 2905 581 2948 sorores
604 2903 760 2967 germana
782 2880 938 2967 Sabinae,

112 2969 241 3036 Adfinis
264 2992 393 3055 quoque
417 2976 466 3055 tu,
489 2972 627 3056 Regula,
650 2994 768 3037 nomen
791 2972 904 3037 habes.

65 3094 281 3107 *1.-

15 3220 18 3225 ,
139 3126 301 3219 tobesV¹
364 3163 802 3233 egonemtvwrrnuaun.
864 3162 1078 3219 einbenisV'

66 3234 242 3307 mpemtitite
265 3234 292 3289 V
351 3241 384 3289 10
403 3236 494 3304 adque
518 3236 545 3290 V
602 3242 634 3290 11
654 3252 705 3290 con
728 3253 773 3290 am
798 3235 825 3290 V
883 3242 915 3289 12
934 3234 1002 3289 miei
1025 3233 1052 3289 V

68 3311 103 3361 13
120 3308 256 3362 nme
277 3306 305 3363 V
320 3324 388 3362 corr.
408 3307 538 3378 Laetius.
615 3313 647 3361 14
666 3306 759 3376 adque
783 3307 827 3375 Vl
843 3322 929 3361 onore
953 3305 980 3360 V

138 3410 191 3467 XX
211 3429 306 3468 eorum
325 3412 399 3467 filius
416 3413 547 3468 Braudes
582 3397 652 3469 ctat
671 3431 736 3467 anni
761 3412 787 3467 V
859 3419 871 3466 l
893 3412 950 3466 iani
969 3415 1001 3467 tn
1019 3412 1084 3467 But

66 3484 132 3557 etti
154 3500 200 3571 Vl
220 3501 349 3572 ephoebe
366 3501 443 3556 talis·
468 3502 495 3556 V
510 3516 579 3557 corr.
599 3502 730 3572 [κράνη.
799 3507 915 3555 amena
936 3499 999 3556 rou
1016 3500 1084 3555 maia

72 3588 102 3647 V
170 3590 311 3661 aprinae
335 3590 363 3644 V
377 3606 446 3647 sorr.
466 3588 598 3655 Laudas.
671 3596 687 3644 5
706 3591 837 3645 aeerbns:
860 3608 893 3644 ns
912 3606 946 3644 a
965 3573 984 3643 1²1
1008 3589 1035 3644 V

68 3666 87 3717 0
104 3658 221 3718 dirueret
236 3661 368 3731 Laudare.
384 3664 391 3731 Ι
406 3661 484 3716 factu
505 3661 532 3715 V
547 3677 615 3716 sorr.
631 3662 762 3731 Laudare

139 3750 514 3807 miseratamiserata
537 3749 581 3817 V!
605 3749 722 3805 thaliaia
740 3748 912 3804 erminum·-
934 3748 963 3805 V
987 3752 1016 3805 οἱ
1033 3748 1087 3804 Mi·

193 3820 341 3889 Hes‘asiuat
362 3822 462 3877 adfinia
485 3821 596 3877 Veorr.
616 3822 714 3892 Peiper
785 3827 893 3889 uqum
917 3820 944 3878 V
1013 3828 1031 3876 4
1054 3822 1086 3874 tn

223 3892 254 3949 u.
273 3893 403 3965 Luydua.
424 3895 428 3965 Ι
448 3894 558 3964 regule:
577 3911 592 3947 r
609 3909 643 3948 ea
661 3900 693 3947 s?
717 3893 761 3962 Vl
783 3892 851 3948 abes
875 3893 901 3948 V
