2430 4274
491 555 732 619 -227—

98 712 302 779 Enumerare
324 713 431 797 iubes,
454 717 548 778 uetus
572 734 591 778 ο
614 713 695 779 mihi
719 713 820 780 Paule
844 715 980 800 sodalis,

99 802 298 867 Adsuelacte
321 803 403 867 meis
425 801 564 868 ioculari
588 803 731 869 carmine
754 804 861 887 nugis.
1087 821 1120 872 ιο

98 890 296 976 Adgrediar3
320 890 469 975 quamuis
494 912 602 955 curam
625 912 692 957 non
715 891 781 957 ista
803 891 940 957 senilem

101 979 288 1046 sollicitent
309 978 462 1064 frugique
486 980 557 1044 uiro
581 978 745 1062 dignanda
768 986 933 1065 putentur.

100 1068 188 1135 Nam
211 1067 291 1132 mihi
314 1089 380 1133 nou
404 1066 530 1133 Saliare
554 1069 701 1152 epulum,
723 1091 790 1134 non
813 1090 893 1134 aura
915 1068 1055 1153 dapalis,

102 1157 238 1233 Qualem
261 1154 443 1240 Penelopae
466 1157 666 1222 nebulonum
690 1179 802 1223 mensa
825 1179 999 1243 procorum

101 1245 295 1330 Alcinoique
317 1244 434 1310 habuit
455 1243 579 1310 nitidae
602 1246 687 1311 cutis
711 1250 809 1312 uncta
831 1246 993 1313 iuuentus.
1085 1265 1117 1315 lo

100 1332 312 1399 Enumerabo
336 1338 447 1398 tamen
469 1334 592 1399 famam
614 1337 779 1420 testesque
803 1340 932 1401 secutus

101 1422 166 1488 Pro
190 1422 305 1487 studiis
329 1421 497 1488 hominum
522 1444 648 1507 semper
671 1423 801 1489 diuersa
822 1426 1031 1508 probantum.

101 1510 158 1577 Set
180 1510 262 1575 mihi
285 1532 363 1594 prae
386 1511 510 1576 cunctis
533 1511 722 1595 lectissima,
746 1535 828 1597 quae
852 1512 1056 1580 Medulorum

100 1598 229 1665 Educet
251 1620 404 1684 oceanus,
428 1621 509 1685 quae
532 1597 782 1685 Burdigalensia
805 1624 923 1667 nomen

99 1686 212 1773 Vsque
235 1687 276 1753 ad
299 1686 477 1755 Caesareas
500 1688 578 1753 tulit
601 1687 774 1754 admiratio
798 1712 942 1776 mensas,
1083 1708 1118 1759 1ο

100 1775 177 1841 Non
201 1776 335 1842 laudata
358 1778 479 1862 minus,
501 1776 609 1843 nostri
632 1799 730 1862 quam
752 1778 860 1863 gloria
883 1779 960 1844 uini.

100 1864 192 1930 Haec
215 1865 301 1930 inter
324 1869 458 1932 cunctas
481 1866 626 1951 palmam
650 1887 795 1931 meruere
819 1867 976 1952 priorem,

100 1953 261 2019 Omnibus
285 1976 324 2019 ex
348 1954 447 2040 longo
472 1955 676 2020 cedentibus:
702 1956 767 2020 ista
791 1960 823 2021 et
846 1955 948 2039 opimi

99 2041 242 2108 Visceris
267 2047 300 2107 et
322 2043 410 2108 niuei
434 2043 584 2128 dulcique
607 2044 786 2109 tenerrima
809 2066 887 2110 suco

99 2130 239 2195 Miscent
261 2153 457 2217 aequoreum
480 2134 571 2197 tenui
595 2134 662 2197 sale
685 2133 788 2198 tincta
812 2154 970 2217 saporem.
1083 2150 1118 2200 ao

99 2218 251 2284 Proxima
275 2221 340 2284 siut
363 2220 526 2305 quamuis,
550 2225 626 2286 sunt
648 2221 745 2306 longe
768 2224 917 2306 proxima
940 2224 1043 2289 multo

98 2308 150 2373 Ex
173 2308 362 2389 interuallo,
385 2332 468 2394 quae
491 2308 725 2393 Massiliensis,
749 2317 877 2393 portum

99 2396 190 2473 Quae
213 2394 326 2462 Narbo
351 2397 390 2462 ad
414 2397 553 2464 Veneris
576 2399 694 2480 nutrit,
717 2400 870 2483 cultuque
893 2400 1037 2465 carentia

98 2484 354 2569 Hellespontiaci
378 2508 460 2572 quae
483 2486 630 2571 protegit
654 2506 776 2570 aequor
799 2486 920 2569 Abydi,

100 2572 161 2637 Vel
187 2595 267 2659 quae
290 2572 422 2641 Baianis
447 2575 589 2660 pendent
611 2575 776 2639 fluitantia
798 2576 898 2659 palis,
1085 2591 1119 2641 30

99 2661 279 2728 Santonico
305 2686 386 2748 quae
409 2667 497 2729 tecta
520 2663 604 2744 salo,
629 2685 710 2746 quae
734 2668 814 2728 nota
837 2663 993 2728 Genouis:

173 2843 207 2891 14
224 2836 320 2893 Horat
341 2836 393 2907 Ep.
409 2837 511 2904 Ι1,18
527 2856 567 2907 sq.
588 2836 683 2907 sponsi
698 2837 858 2908 Penelopae
875 2836 1030 2893 nebulones
1043 2836 1118 2893 Alci·

97 2906 203 2975 noique
222 2908 252 2962 in
271 2910 334 2962 cute
354 2908 478 2963 curanda
496 2910 560 2979 plus
580 2925 670 2977 aequo
690 2909 809 2978 operata
826 2908 966 2964 iuuentus.

171 2984 205 3033 19
219 2978 326 3049 Vergil.
337 2977 370 3032 G.
381 2978 455 3034 Ι107
471 2979 593 3035 ostriferi
608 2978 835 3048 faucesdbydi.
848 3012 879 3020 —
892 2980 994 3035 Catulli
1010 2979 1114 3051 Priap:

97 3065 149 3104 ora
167 3049 362 3120 Hellespontia
381 3049 482 3105 ceteris
502 3051 649 3106 ostriosior
668 3050 731 3105 oris.

171 3191 273 3247 Vinici
295 3190 322 3246 V
391 3197 423 3245 11
443 3192 526 3248 istam
550 3192 586 3249 V¹
660 3198 694 3246 13
719 3192 788 3246 mici
808 3192 855 3259 Vl
881 3192 983 3248 coliate
1006 3192 1118 3249 Vcorr.

95 3262 230 3333 laudan.
268 3279 336 3317 aura
356 3262 453 3332 Peiper
471 3280 537 3318 rura
556 3263 583 3317 V
598 3280 666 3320 cura
683 3266 728 3318 uel
746 3262 829 3318 turba
843 3263 978 3318 Heinsius
993 3267 997 3330 Ι
1013 3262 1117 3333 dapilis

102 3332 130 3390 V
145 3349 215 3389 corr.
297 3335 365 3390 dam.
442 3341 474 3389 15
494 3334 608 3391 alicinoi
630 3335 674 3403 Vl
690 3334 770 3390 abuit
791 3333 828 3387 V¹
845 3335 849 3403 Ι
865 3334 995 3389 iubentus
1018 3333 1054 3387 V¹

99 3409 132 3459 18
152 3405 209 3476 set]
228 3421 267 3460 aa
285 3406 368 3460 runt?
384 3407 388 3474 1
406 3405 510 3460 cuum
529 3405 571 3472 Vt
588 3404 730 3461 ditissima
748 3405 772 3459 V
789 3421 858 3460 corr.
876 3404 1117 3474 Pciperlmedul·

95 3477 189 3530 lorum
203 3477 321 3544 (iomar
339 3520 346 3532 .
361 3478 398 3532 ol.
413 3477 515 3532 Rnon
527 3477 592 3545 loci)
609 3477 714 3533 Vcorr.
795 3476 862 3531 dmi.
929 3481 961 3530 19
976 3477 1076 3532 edoctu
1094 3476 1121 3531 V

94 3493 550 3673 corr.Lu9dau.Kpurdigulensia
564 3549 600 3602 V¹
646 3555 681 3604 10
691 3564 747 3617 qua
788 3548 1117 3616 (quammeuauidovq

132 3622 168 3673 11
182 3619 299 3673 cunctos
351 3635 468 3674 omnmen
527 3625 561 3674 14
580 3620 656 3674 uibei
674 3619 710 3674 V¹
727 3622 732 3688 Ι
747 3635 801 3692 que
824 3617 851 3673 V
901 3624 935 3674 15
955 3619 1026 3674 tiota
1045 3618 1080 3673 V¹

95 3694 136 3744 16
150 3687 251 3815 qnpuis
270 3689 297 3746 V
312 3706 381 3745 corr.
400 3691 534 3745 Heinmua
550 3693 554 3758 1
570 3694 637 3745 sunt
651 3691 765 3759 Mebler,
783 3691 826 3744 set
848 3690 875 3744 V
937 3694 971 3746 17
990 3693 1073 3760 portu
1093 3689 1120 3746 V

94 3776 166 3817 corr.
211 3762 302 3816 iudas
361 3766 396 3815 18
415 3761 562 3845 (carentiae
581 3761 592 3815 i
611 3764 665 3818 ol?
685 3762 729 3830 V·)
784 3766 817 3816 19
837 3760 959 3832 proserit
977 3761 1082 3816 Mello
1094 3761 1115 3826 f.

93 3847 239 3975 porngitl
255 3849 332 3933 ¹abidi
352 3848 380 3904 V
431 3855 466 3905 30
485 3848 608 3934 finititia
625 3851 668 3921 Vl
684 3849 758 3920 palis
777 3851 805 3905 V
820 3849 887 3920 pilis
905 3849 1027 3921 Scalipcr
1082 3853 1115 3900 31

117 3936 218 3975 comeo
237 3923 280 3990 (m
297 3937 384 3993 maro.
403 3922 440 3976 al.
460 3921 606 4016 Sanctum)
631 3922 658 3975 V
903 4006 958 4064 w
