2430 4274
484 537 726 603 -223—

93 695 349 762 chamaeleontis
372 694 531 761 bestiolae
554 695 638 774 uice,
664 716 746 779 quae
769 695 808 761 de
831 691 992 762 subiectis
1009 696 1110 762 sumit
1129 713 1163 763 15

94 784 249 850 colorem.
295 783 382 848 aliud
410 783 516 848 sentio
539 805 578 846 ex
602 784 743 866 epistula
765 788 835 869 tua,
863 784 951 850 aliud
974 806 1012 850 ex
1035 807 1110 850 con·

95 873 233 938 scientia
256 893 338 937 mea.
375 876 408 936 et
430 877 466 936 tu
489 893 541 936 me
564 873 663 936 audes
685 871 989 938 facundissimorum
1006 873 1111 939 homi·

94 983 174 1026 num
202 960 296 1025 laude
324 960 475 1046 dignari?
524 965 575 1042 tu,
604 961 752 1045 inquam,
783 960 864 1024 mihi
891 962 968 1046 ista,
996 961 1051 1046 qui
1077 965 1111 1026 te
1183 1031 1186 1034 ,

96 1051 186 1114 ultra
213 1049 473 1114 emendationem
497 1049 641 1113 omnium
664 1048 855 1133 protulisti?
899 1051 1112 1135 quisquamne

95 1140 145 1202 ita
170 1138 267 1217 nitet,
297 1142 333 1201 ut
360 1142 555 1221 conparatus
583 1136 645 1201 tibi
672 1159 737 1203 non
766 1136 918 1203 sordeat?
964 1139 1036 1223 quis
1063 1136 1111 1203 ita
1130 1154 1166 1203 2ο

96 1226 221 1309 Aesopi
257 1228 477 1308 uenustatem,
514 1225 585 1309 quis
622 1224 817 1310 sophistices
849 1225 1005 1292 Isocratis
1038 1248 1111 1292 con·

96 1315 268 1398 clusiones,
291 1312 362 1398 quis
386 1313 428 1378 ad
449 1313 692 1398 enthymemata
710 1312 939 1379 Demosthenis
958 1318 1016 1380 aut
1034 1336 1112 1399 opu·

95 1402 233 1468 lentiam
265 1401 452 1467 Tullianam
485 1406 542 1466 aut
572 1401 804 1486 proprietatem
835 1403 940 1468 nostri
966 1403 1112 1469 Maronis

97 1489 252 1556 accedat?
308 1489 380 1574 quis
417 1490 466 1555 ita
502 1489 641 1555 adfectet
679 1490 821 1575 singula,
858 1496 895 1556 ut
926 1495 963 1556 tu
995 1491 1112 1575 imples

96 1578 231 1644 omnia?
271 1578 349 1663 quid
372 1579 459 1643 enim
481 1579 567 1643 aliud
591 1599 635 1662 es,
658 1601 755 1662 quarn
780 1601 818 1643 ex
842 1581 930 1644 omni
953 1580 1113 1645 bonarum
1131 1595 1165 1644 25

97 1668 218 1733 artium
244 1667 376 1752 ingenio
404 1668 540 1733 collecta
566 1666 745 1751 perfectio?
790 1667 884 1750 haec,
912 1667 1042 1733 domine
1067 1667 1113 1732 mi

96 1755 147 1820 fili
174 1753 384 1839 Symmacho,
410 1777 476 1821 non
505 1776 630 1838 uereor,
657 1776 698 1819 ne
724 1755 759 1820 in
786 1759 819 1819 te
846 1754 997 1820 blandius
1026 1755 1115 1820 dicta

98 1842 272 1909 uideantur
303 1864 375 1908 esse
407 1865 505 1927 qnam
537 1844 653 1909 uerius.
704 1847 737 1907 et
769 1848 920 1927 expertus
953 1864 987 1908 es
1016 1844 1113 1908 fidem

98 1953 207 1996 meam
230 1933 346 1997 mentis
370 1941 466 2018 atque
489 1931 663 2013 dictorum,
690 1930 766 1996 dum
788 1931 824 1996 in
847 1932 1004 1997 comitatu
1028 1931 1115 2016 degi-

98 2042 172 2085 mus
196 2020 292 2085 ambo
316 2042 395 2086 aeuo
419 2021 550 2104 dispari.
595 2021 651 2084 ubi
669 2023 705 2084 tu
723 2020 843 2086 ueteris
866 2021 1003 2085 militiae
1023 2041 1113 2106 prae
1133 2037 1167 2086 30

99 2109 169 2173 mia
190 2109 254 2173 tiro
279 2109 436 2193 meruisti,
459 2130 519 2194 ego
544 2109 729 2173 tirocinium
751 2109 815 2173 iam
835 2112 1007 2174 ueteranus
1026 2130 1114 2174 exer·

101 2198 163 2262 cui.
209 2198 245 2261 in
272 2197 428 2262 comitatu
456 2198 518 2262 tibi
545 2219 641 2262 uerus
672 2197 733 2280 fui,
760 2198 879 2263 nedum
906 2220 956 2263 me
980 2218 1114 2283 peregre

99 2285 266 2350 existimes
298 2287 470 2371 conposita
501 2285 651 2353 fabulari.
702 2287 736 2349 in
768 2286 939 2369 comitatu,
971 2287 1115 2372 inquam,
1203 2329 1204 2333 =

174 2605 207 2653 io
225 2598 408 2655 cameleontis
432 2598 497 2664 aar
518 2597 635 2681 sessore
659 2597 729 2653 wa
745 2601 749 2664 l
768 2595 830 2678 ara
852 2597 910 2664 aar
931 2598 1016 2668 qnae]
1036 2574 1055 2665 t
1079 2597 1116 2652 V¹

277 2670 466 2796 icilius
480 2667 903 2806 ,accuramus
922 2667 1116 2794 scau

100 2740 351 2880 ¹¹anlplrirquamne
370 2811 397 2865 V
411 2757 443 2866 rit
461 2811 610 2880 quisquam
629 2811 658 2864 P
673 2813 722 2864 aut
739 2810 888 2878 quisquam
907 2827 924 2864 c
941 2810 1012 2864 haut
1025 2809 1117 2867 Sctctt

269 2912 296 2941 η

136 2956 173 3007 20
191 2956 327 3022 conputus
347 2951 448 3018 Vlita
466 2951 502 3005 ad
522 2951 552 3004 F
616 2958 650 3005 21
670 2951 749 3025 psopi
768 2951 806 3004 1¹¹
822 2951 903 3020 ysopi
926 2949 962 3004 V'
979 2955 983 3017 Ι
999 2950 1061 3019 quis
1080 2949 1117 3004 ad

99 3019 133 3074 F
155 3025 159 3086 l
184 3023 332 3105 sopisticas
356 3023 392 3077 V¹
418 3027 421 3089 Ι
446 3021 576 3077 isocratis
594 3021 657 3077 RD
683 3023 821 3091 ysocratis
841 3023 870 3075 P
890 3021 1008 3078 socratis
1032 3020 1114 3092 VFl

99 3092 287 3148 conclusionis
305 3095 334 3149 R
405 3099 439 3146 22
464 3093 527 3162 quis
550 3092 592 3146 ita
609 3092 680 3146 ado
705 3098 709 3160 Ι
734 3094 917 3148 entimemate
940 3092 999 3146 VP
1024 3090 1117 3146 anthi-

98 3164 226 3218 memata
243 3181 260 3218 o
276 3170 280 3232 1
297 3165 469 3220 demostenis
494 3164 538 3217 Vc
562 3163 758 3218 demosthenes
777 3164 821 3230 ΡΙ
842 3167 891 3218 aut
911 3163 998 3233 opul]
1019 3164 1052 3216 ut
1070 3179 1116 3232 op.

98 3233 128 3288 R
146 3239 228 3302 lpost
247 3234 420 3305 opulentiam
440 3236 472 3288 ia
489 3251 575 3304 marc.
598 3246 627 3300 ><-
649 3236 685 3289 ol.
706 3234 732 3287 V
783 3240 818 3287 24
836 3233 986 3288 accedatur
1005 3235 1118 3298 (omisso

98 3306 293 3376 intermeandi
309 3312 389 3373 uota)
410 3306 455 3372 ΡΙ
471 3305 542 3377 itesff
557 3311 587 3369 (3
606 3308 658 3360 litt.
677 3307 775 3372 ausu)
799 3305 841 3371 Vl
858 3303 971 3360 affectet
990 3303 1059 3358 ΥΡ·
1076 3303 1117 3358 af·
1138 3359 1144 3371 ,

97 3419 223 3474 sectato
294 3427 329 3476 26
353 3420 425 3476 en²m
444 3422 492 3490 (cl.
512 3422 592 3489 corr.)
617 3396 675 3474 Vc¹
699 3422 739 3488 (ot
761 3420 827 3474 hoec
844 3425 910 3474 acta
929 3436 944 3474 c
962 3435 1019 3472 noa
1037 3435 1053 3472 c
1070 3419 1118 3472 sed

99 3491 224 3560 asold)
241 3492 290 3558 Pl
315 3493 388 3548 aliut
411 3492 455 3558 Vl
480 3491 523 3562 es]
543 3508 577 3545 cx
597 3490 625 3544 P
695 3496 729 3545 26
748 3490 873 3558 perfecta
893 3489 940 3556 Pl
967 3485 1071 3544 llHec
1091 3489 1119 3541 P

97 3604 160 3660 Hsc
185 3604 222 3658 V¹
247 3611 251 3672 1
277 3606 330 3661 <hie
350 3606 419 3678 (omi
437 3608 474 3661 cl.
492 3609 537 3673 ss.)
562 3606 589 3658 V
658 3610 691 3658 22
716 3604 819 3659 simace
844 3603 881 3657 V¹
909 3570 1016 3659 simmia
1040 3603 1078 3656 V’

98 3683 134 3732 29
153 3675 258 3732 mentis
277 3677 368 3746 adque
391 3677 418 3732 V
433 3675 570 3747 mentisq3
591 3678 675 3746 atque
695 3676 742 3742 Pl
763 3675 929 3731 commitatu
952 3675 979 3730 V
998 3674 1118 3729 imitatu

99 3747 130 3802 P
144 3751 149 3814 Ι
165 3746 295 3818 (legimur
317 3748 344 3802 V
358 3748 467 3820 egimus
486 3748 515 3803 P
583 3751 618 3802 30
636 3749 690 3821 ebo
711 3746 746 3800 V¹
764 3752 767 3814 Ι
783 3746 873 3816 premi
895 3745 930 3799 V¹
948 3745 1058 3820 premia
1080 3744 1119 3799 V¹

136 3824 171 3875 31
200 3823 265 3889 tyro
288 3819 317 3874 P
339 3824 342 3886 Ι
367 3818 536 3890 tyrocinium
561 3818 590 3871 P
613 3823 616 3884 Ι
646 3816 702 3872 iarn
727 3834 778 3873 om.
799 3819 828 3871 P
897 3822 931 3871 32
955 3832 1071 3887 peregre
1092 3815 1119 3868 P

98 3906 249 3962 peregrem
269 3888 295 3945 V
365 3897 399 3946 38
419 3889 568 3960 conposita
590 3889 616 3941 V
