2430 4274
476 509 743 557 -IaXXV-

95 665 154 704 non
166 646 265 703 nullae
279 644 445 716 incipiunt“
464 647 496 702 in
509 647 577 715 lim:
595 645 692 718 „siloc
706 647 759 706 cie
773 652 810 722 τῷ
824 653 886 726 θεῷ
897 648 954 706 ὑπὸ
964 657 1116 710 νεανίσκου

96 715 177 782 τινὸς
197 718 290 789 [scca.
304 713 385 779 τινὸς
402 718 434 772 ia
451 733 507 773 rae.
527 719 563 773 at.
582 735 627 806 ῃ,
645 721 730 776 deleto
747 727 779 777 at
797 725 855 778 aid.
874 725 980 780 scribae
993 727 1116 807 nomine]

95 791 271 860 zeacuclscc
293 787 454 872 yocplpsoc
477 783 509 842 ἐν
527 790 560 861 τῇ
581 791 741 846 occurras:
762 824 794 834 -
814 794 930 850 Finiunt
948 811 983 850 ea
1000 794 1117 852 Ausonii

95 861 273 931 Fragments
294 875 367 929 quae
390 860 488 914 murda
511 861 612 915 cuncta
634 863 785 918 corrodens
808 867 934 920 uetustas
957 867 995 919 ad
1017 882 1116 922 manue

96 934 210 988 nocuas
225 931 321 987 uenire
335 930 492 1000 permisit.“
507 930 554 1002 [cf.
570 931 609 1003 θ]
624 934 779 988 Ausonium
799 935 925 1004 sequitur
938 935 1135 1007 Prudentius„

96 1002 220 1058 Serenus
234 1001 439 1057 Sammonicus.
465 1001 523 1057 alia
536 1004 602 1071 post
615 1003 662 1058 15
677 1004 821 1059 intercidit
834 1022 920 1059 unum
935 1006 1044 1076 lolium,
1059 1025 1115 1078 quo

97 1073 318 1130 continebantur
340 1072 428 1143 epigr.
453 1078 627 1143 2⁰.⁴-24‚1⁰
651 1074 769 1142 (ordinis
786 1077 814 1130 Z
829 1092 914 1146 supra
932 1079 1063 1148 recensi);
1086 1080 1114 1134 in

96 1145 186 1216 epigr.
203 1151 220 1199 9
238 1145 379 1200 recentior
396 1159 496 1199 manus
509 1160 622 1199 uersum
635 1144 722 1200 istum
737 1147 878 1202 nouieium
893 1151 955 1215 „est
967 1149 1044 1203 iocus
1058 1151 1115 1219 etq.

96 1234 118 1271 s.
142 1216 258 1272 adlecIt.
288 1213 396 1270 Graece
418 1215 508 1270 uerba
529 1215 625 1271 omnia
646 1215 786 1286 leguntur.
823 1217 870 1272 hic
893 1217 982 1274 codex
1000 1220 1115 1290 propius

96 1288 133 1342 ed
153 1288 181 1343 Τ
201 1287 335 1342 accedere
352 1287 472 1343 uidetur.

163 1378 345 1445 Patauinae
376 1379 474 1445 coclea
501 1379 634 1445 cathedr.
661 1401 686 1446 c.
713 1385 764 1446 64.
792 1381 894 1447 chart.
923 1404 947 1446 s.
975 1381 1037 1446 XV
1066 1405 1114 1448 ex.

96 1469 204 1535 altera
225 1490 303 1552 pars
327 1472 404 1552 post
421 1466 613 1533 Maximiani
630 1468 751 1554 elegias
774 1469 797 1533 f.
813 1470 954 1535 71-261
976 1469 1115 1537 Ausonii

96 1558 257 1643 opuscula
276 1579 296 1622 e
316 1555 413 1621 Petro
433 1555 588 1623 Beroccic
606 1558 743 1642 patricio
763 1557 900 1641 Veneto,
920 1559 961 1623 ab
981 1581 1009 1624 a.
1029 1559 1112 1624 1497

97 1647 254 1733 episcopo
264 1645 433 1724 Patauino,
444 1646 574 1730 scripte,
585 1646 671 1730 quod
682 1647 818 1711 aliorum
829 1646 986 1731 codicum,
996 1648 1113 1730 quibus

96 1736 154 1801 ille
168 1757 289 1802 nomen
304 1757 398 1799 suum
413 1734 616 1819 subscripsit,
630 1735 746 1799 similis
762 1735 923 1819 scriptura
936 1734 1055 1817 prodit
1072 1772 1113 1781 —

96 1845 203 1910 neque
231 1823 402 1908 inscriptio
430 1823 498 1888 ulla
525 1823 617 1889 adest
644 1845 749 1908 neque
775 1823 987 1906 subscriptio,
1014 1823 1115 1888 uerba

101 1912 228 1979 Graeca
251 1913 406 1998 leguntur
428 1911 547 1978 omnia.

163 2001 274 2067 Minus
292 2001 394 2065 etiam
413 2001 518 2067 bonae
536 2000 642 2085 frugis
663 2000 859 2084 sperandum
874 2002 924 2065 est
938 2021 976 2064 ex
990 2001 1112 2065 cetcris.

163 2090 468 2157 Ashoamaammso
490 2093 573 2155 1656
600 2088 706 2173 (Libri
738 2090 837 2171 1732,
870 2089 949 2154 olim
978 2087 1112 2155 Saiben-

97 2181 218 2264 tienus,
236 2201 323 2245 nunc
341 2178 590 2261 Laurentianus,
609 2179 741 2243 membr.
762 2201 786 2243 s.
800 2176 959 2262 xlllsxv
977 2178 1046 2243 foll.
1062 2179 1113 2242 56.

95 2269 130 2334 in
155 2269 232 2333 fine:
258 2272 439 2343 „Expliciunt
452 2290 486 2328 ea
499 2272 616 2327 Ausonii
630 2272 798 2343 fragmenta,
816 2289 888 2342 quae
901 2272 1000 2328 inuida
1013 2275 1115 2327 cuncta

96 2361 249 2418 corrodens
263 2365 391 2416 uetustas
404 2362 441 2416 sd
455 2377 555 2416 manus
569 2362 679 2415 nostras
693 2361 787 2416 uenire
802 2360 959 2430 permisit.“
992 2353 1116 2419 Graeca

96 2445 198 2510 uerba
222 2446 344 2510 omissa
363 2467 382 2508 e
400 2444 535 2509 librario
554 2443 670 2527 spatiis
690 2443 842 2507 indicetis
862 2443 1027 2526 suppleuIt
1047 2465 1114 2506 ma-

94 2556 158 2599 nus
182 2535 281 2618 paulo
304 2534 473 2598 recentior.
505 2532 736 2616 subscriptioni
757 2531 903 2595 subiecta
922 2533 999 2593 sunt
1017 2551 1115 2594 manu

96 2644 121 2687 s.
136 2621 216 2687 XVI
231 2622 370 2688 Vrbium
384 2622 542 2687 nobilium
557 2621 742 2705 fragmenta
757 2641 794 2683 ea
809 2640 890 2703 quae
905 2618 1005 2682 habet
1018 2616 1116 2683 Tilia-

94 2734 158 2776 nus
188 2710 281 2775 liber.
324 2732 361 2775 ex
390 2710 530 2775 editione
557 2710 703 2793 principe
732 2708 928 2792 descriptum
955 2729 1023 2772 non
1047 2729 1116 2773 esse

97 2801 294 2884 scripturae,
317 2821 399 2883 quae
422 2799 634 2864 innotuerunt
657 2796 859 2880 Schenkelio,
882 2797 1115 2863 demonstrent.

170 2888 340 2953 Vaticanus
366 2891 452 2955 3152
483 2887 585 2952 chart.
617 2910 642 2951 s.
664 2885 726 2950 XV
755 2886 825 2952 foll.
852 2888 903 2952 81.
944 2890 1021 2969 post
1049 2886 1115 2950 Titi

96 2975 290 3061 calphurnii
318 2974 418 3041 Siculi
447 2998 576 3041 carmen
603 2975 800 3059 bucolicum,
830 2973 976 3059 Cipriani
1003 2997 1115 3040 uersus

96 3064 138 3152 (c.
158 3065 189 3129 V
209 3070 243 3130 et
261 3064 309 3130 VI
331 3063 481 3150 Hurtel.)‚
504 3064 667 3130 Lactantii
686 3066 723 3129 de
739 3069 809 3129 orta
831 3062 1115 3129 etobitaFoeaicis

95 3175 237 3236 carruca,
267 3155 289 3219 f.
312 3154 443 3220 31-81
468 3154 632 3218 Ausonius
656 3153 783 3237 legitur.
825 3161 959 3231 ‚,Aus0nii
977 3160 1117 3232 Ponponii

96 3239 181 3296 Liber
200 3239 309 3294 Primus
332 3239 433 3310 incipit
453 3238 591 3294 feliciter‘
610 3269 644 3280 -
664 3237 805 3308 „Explicit
826 3238 899 3292 liber
917 3237 1034 3293 Ausonii
1051 3255 1115 3307 pro-

95 3323 213 3393 treptici
231 3319 341 3378 Pom'“.
371 3334 409 3378 ex
424 3312 557 3378 Graecis
576 3314 697 3378 omissa
716 3315 792 3376 suut
804 3311 865 3396 Ep.
880 3311 960 3377 VIII
977 3311 1117 3394 14-45,

96 3401 213 3481 VIIII,
236 3402 266 3466 X
290 3402 431 3467 25-33.
477 3424 591 3466 manus
620 3402 723 3466 altere
751 3401 835 3465 bono
865 3401 986 3484 codice,
1010 3400 1115 3485 qualis

97 3495 150 3557 est
178 3492 232 3573 M,
263 3514 323 3557 use
350 3491 385 3555 iu
419 3492 566 3576 margine
594 3489 710 3555 adiecit
735 3491 848 3554 titulos
877 3493 910 3554 et
937 3491 1116 3574 scripturas

96 3581 274 3646 nonnullas
298 3584 398 3664 atque
418 3581 452 3644 in
471 3584 562 3644 textu
580 3579 653 3664 ipso
673 3578 830 3663 quaedam
850 3580 996 3643 correxit.
1027 3577 1116 3643 uide·

96 3675 153 3734 tur
177 3691 250 3734 cunr
272 3669 311 3733 K
329 3674 488 3754 cognatus
512 3690 590 3733 esse.

172 3757 340 3824 Vaticanus
353 3763 434 3823 1611
453 3756 554 3822 chart
579 3779 602 3821 s.
617 3755 679 3820 XV
698 3756 765 3820 foll.
781 3756 856 3820 220.
888 3761 964 3839 post
982 3755 1118 3837 Proper-

100 3846 184 3912 tium
207 3852 240 3912 et
263 3846 429 3926 Tibullum
458 3869 477 3911 a
499 3846 520 3910 f.
547 3847 608 3910 151
638 3845 759 3930 legitur
786 3843 950 3909 Ausonius
980 3843 1118 3916 ,musonii
