2430 4274
495 575 713 636 ..ΙΙ-ς

96 717 153 784 sed
175 715 264 785 cerni
286 716 364 779 sunt
384 715 537 799 prompta
560 718 671 780 tamen
693 720 920 800 postremaque
943 737 1041 800 parco

51 824 76 873 sa
94 809 171 893 igne
194 804 325 869 micant
370 800 426 866 ille
450 822 572 887 angue
596 818 728 870 manum
752 809 918 871 consertus
940 809 1110 890 utramque

95 895 233 981 erigitur
257 911 452 977 serpensque
476 889 592 959 dehinc
615 895 765 975 elabitur,
788 894 901 959 ambas

94 983 211 1050 flexilis
235 984 269 1046 et
254 980 432 1046 tmedium
456 979 560 1063 cingit
584 982 682 1066 spiris
706 945 916 1067 oplliuchum,

95 1094 192 1157 quem
215 1090 313 1155 super
335 1069 521 1133 haerentem
544 1071 730 1154 plantarum
754 1072 839 1137 mole
862 1070 996 1135 duarum

95 1160 273 1244 scorpios
295 1159 329 1223 in
352 1157 500 1244 geminas
524 1158 645 1225 effusus
669 1161 794 1226 uiscera
815 1160 918 1245 partis

51 1267 74 1316 lc
94 1249 305 1333 afflictusque
320 1247 430 1313 oculos
453 1247 682 1334 maculosaque
705 1253 838 1354 pectora
859 1268 991 1332 pressus

96 1338 242 1404 sustinet.
288 1335 431 1421 attiguas
454 1336 618 1402 euoluitur
641 1340 760 1424 anguis
779 1339 813 1401 in
837 1358 933 1402 auras

95 1426 226 1512 agmine
250 1446 316 1490 non
339 1444 441 1508 aequo
464 1445 583 1528 neque·
592 1429 685 1491 tanta
708 1426 875 1491 uolumina
897 1446 1027 1509 conpar.

94 1538 171 1580 nam
196 1536 260 1599 qua
282 1513 396 1578 dextra
418 1533 532 1577 manus
557 1514 689 1581 sinuoso
714 1514 867 1600 adfigitur
889 1513 1001 1598 angui,

95 1602 225 1689 parcius
249 1600 290 1666 ab
314 1602 446 1666 domino
469 1605 563 1687 terga
586 1604 738 1688 explicat3
761 1604 862 1668 altera
884 1622 981 1686 porro

51 1711 75 1758 io
96 1693 253 1776 plurimus
266 1700 315 1755 ‘ac
338 1690 441 1754 multo
464 1711 522 1775 per
544 1691 673 1757 laeuum
697 1691 838 1776 pondere
860 1692 970 1775 lapsus

96 1780 244 1845 funditur
267 1782 300 1843 ct
322 1779 435 1865 rutilo,
458 1801 523 1864 qua
544 1779 599 1844 lux
623 1781 715 1847 sedet
736 1782 844 1865 ignea,
867 1783 978 1844 mento

96 1890 198 1953 usque
221 1866 424 1932 Ariadnaeae
448 1888 518 1932 sese
541 1869 651 1935 uicina
674 1889 813 1936 coronae

96 1958 240 2022 lubricus
262 1954 406 2021 inclinat.
451 1960 527 2040 post
551 1957 672 2041 spiram
696 1956 830 2023 brachie
853 1955 1017 2041 quondam

96 2044 272 2112 formidata
294 2045 378 2108 truci
402 2046 583 2130 suspexeris
606 2045 728 2114 Orioni.

51 2151 76 2201 ἰο
97 2135 176 2200 haec
199 2154 354 2199 concessa
376 2135 494 2198 etenim
518 2136 625 2200 curuis
648 2137 783 2202 metatio
807 2134 937 2199 chelis.

97 2223 160 2289 huc
182 2222 304 2287 falcata
326 2220 400 2287 Ohii
422 2228 594 2306 repserunt
615 2246 738 2291 cornua
760 2223 911 2305 monstri,

98 2313 240 2378 sidereae
262 2311 398 2374 nimium
420 2310 501 2375 iacis
524 2312 644 2397 indiga
689 2333 829 2397 namque
851 2310 951 2375 hebes
975 2308 1048 2373 ollis

98 2400 183 2487 ignis
208 2402 242 2464 et
263 2403 403 2483 optunso
428 2403 573 2465 marcent
595 2403 746 2468 incendia
768 2401 864 2465 crine

143 2487 279 2554 Callisto
302 2488 414 2552 rutilet
438 2488 554 2572 stellis,
577 2490 693 2573 quibus
717 2511 817 2574 usque
839 2486 977 2553 lerinam

51 2594 78 2643 'so
98 2599 203 2661 prona
226 2577 269 2642 sit
293 2576 446 2661 effigiem!
493 2598 556 2660 quo
580 2580 709 2644 cardine
732 2580 883 2664 torqueat
905 2595 1011 2655 axem,

98 2687 225 2750 semper
248 2664 424 2730 inocciduis
448 2666 600 2731 attollens
623 2667 777 2770 lampada
800 2663 951 2745 flammis,

99 2754 417 2838 Arctophylax
391 2775 473 2838 eme,
497 2758 534 2818 ut
556 2758 680 2821 ueteres
704 2757 861 2839 cecinere,
883 2752 1047 2829 Bootes,

99 2844 224 2908 famosa
246 2842 396 2908 Arcadici
419 2846 545 2908 testam
568 2850 752 2911 commenta
773 2842 916 2929 tyranni.

99 2936 131 2997 et
152 2933 230 2997 lieet
252 2931 387 2997 instanti
410 2932 525 2997 similis
549 2933 728 3018 similisque
751 2932 889 2999 minanti

170 3127 222 3176 234
235 3139 316 3191 prom
336 3125 367 3178 ta
381 3141 395 3178 e
408 3125 489 3193 prata
503 3124 530 3178 V
561 3126 664 3181 rotaA
718 3131 771 3182 226
788 3124 910 3181 elabitur
923 3140 937 3179 e
951 3123 1039 3179 olebit
1058 3121 1111 3177 VA

98 3200 151 3249 239
175 3193 298 3263 scorpios
346 3196 505 3264 escorpius
623 3201 676 3250 240
695 3196 872 3266 afflictusque
890 3211 908 3250 o
926 3194 1110 3263 Elflictusque

105 3266 175 3320 VAe
246 3269 297 3318 241
318 3264 441 3333 attiguas
460 3266 508 3321 Aa
525 3265 670 3335 attinguas
693 3267 720 3323 V
789 3273 842 3322 244
860 3269 941 3336 terga
958 3284 972 3321 c
989 3266 1065 3320 terta
1089 3263 1117 3316 V

97 3340 174 3392 terra
192 3337 219 3389 A
271 3341 324 3391 245
342 3335 432 3390 multo
451 3352 465 3389 e
482 3334 586 3390 multos
611 3334 663 3389 VA
717 3343 770 3392 246
788 3338 883 3393 mento
901 3339 949 3392 Ac
967 3350 1065 3391 manco
1089 3333 1116 3387 V

99 3411 208 3476 24841)
200 3424 271 3463 iram
291 3407 343 3461 VA
356 3405 471 3462 Grotius
489 3404 612 3476 spretae
670 3413 723 3462 220
741 3408 858 3462 metatio
877 3407 965 3462 chelis
985 3406 1036 3461 VA
1056 3423 1112 3460 me-

99 3479 173 3534 oatio
179 3425 262 3533 Iireliu
280 3495 293 3533 c
312 3479 346 3546 cf.
361 3477 474 3532 Hermes
490 3475 572 3546 le
574 3481 652 3533 ,249
666 3484 728 3534 28
782 3483 834 3532 252
853 3478 976 3534 sidereae
994 3477 1112 3532 nimium

104 3550 142 3604 Vc
160 3567 191 3619 sy
193 3549 258 3604 dere
276 3551 353 3604 enim
370 3548 400 3602 ui
418 3547 446 3603 A
487 3493 572 3604 step
559 3565 596 3618 op
597 3550 680 3603 tunso
703 3547 730 3601 V
745 3548 845 3603 obtuso
863 3547 914 3603 Ac
950 3565 977 3603 a.
997 3553 1054 3606 254
1071 3550 1113 3602 in·

96 3568 229 3676 senalus
240 3619 383 3677 BOO'PES
398 3619 469 3675 VAe
487 3625 540 3674 254
549 3636 637 3689 usque
649 3617 861 3687 Grotiusutqm
877 3617 989 3685 VAecf.
1000 3619 1115 3674 Hermes

99 3691 153 3745 XI
174 3707 204 3760 p.
234 3697 292 3748 250
318 3709 346 3746 a.
375 3696 393 3747 9
479 3696 532 3746 257
560 3690 752 3761 Arctophylax
779 3706 794 3744 e
820 3688 1002 3756 Arctophilax
1032 3689 1082 3744 VA
1104 3688 1115 3760 ll

97 3762 207 3816 ueteres
207 3763 273 3887 {7⁶
290 3765 385 3818 uetere
409 3762 461 3832 Vl
478 3761 581 3818 Bootes
599 3764 645 3817 Ae
646 3709 748 3817 pllotes
772 3760 800 3813 V
867 3762 919 3813 268
938 3760 1050 3827 manni
1069 3761 1115 3814 Ae

96 3833 216 3887 tirranni
