<?xml version="1.0" encoding="UTF-8"?>
<!DOCTYPE html PUBLIC "-//W3C//DTD XHTML 1.0 Transitional//EN"
    "http://www.w3.org/TR/xhtml1/DTD/xhtml1-transitional.dtd">
<html xmlns="http://www.w3.org/1999/xhtml" xml:lang="en" lang="en">
 <head>
  <title>
</title>
<meta http-equiv="Content-Type" content="text/html;charset=utf-8" />
  <meta name='ocr-system' content='tesseract 3.04.00' />
  <meta name='ocr-capabilities' content='ocr_page ocr_carea ocr_par ocr_line ocrx_word'/>
</head>
<body>
  <div class='ocr_page' id='page_1' title='image "./decimimagniavso00ausogoog_0223.png"; bbox 0 0 2400 4282; ppageno 0'>
   <div class='ocr_carea' id='block_1_1' title="bbox 202 29 1192 609">
    <p class='ocr_par' dir='ltr' id='par_1_1' title="bbox 202 29 1192 609">
     <span class='ocr_line' id='line_1_1' title="bbox 202 29 1192 317; baseline 0.016 -17"><span class='ocrx_word' id='word_1_1' title='bbox 202 29 1192 317; x_wconf 90' lang='lat'><strong>.-</strong></span> 
     </span>
     <span class='ocr_line' id='line_1_2' title="bbox 525 543 742 609; baseline 0 -18"><span class='ocrx_word' id='word_1_2' title='bbox 525 543 742 609; x_wconf 72' lang='lat'>..90-</span> 
     </span>
    </p>
   </div>
   <div class='ocr_carea' id='block_1_2' title="bbox 124 702 1139 1318">
    <p class='ocr_par' dir='ltr' id='par_1_2' title="bbox 126 702 1027 876">
     <span class='ocr_line' id='line_1_3' title="bbox 126 702 1027 789; baseline 0 -20"><span class='ocrx_word' id='word_1_3' title='bbox 126 704 194 769; x_wconf 89' lang='lat' dir='ltr'><strong>Nec</strong></span> <span class='ocrx_word' id='word_1_4' title='bbox 216 707 326 769; x_wconf 85' lang='lat' dir='ltr'><strong>tamen</strong></span> <span class='ocrx_word' id='word_1_5' title='bbox 348 705 511 769; x_wconf 89' lang='lat' dir='ltr'><strong>incessum</strong></span> <span class='ocrx_word' id='word_1_6' title='bbox 534 702 584 768; x_wconf 82' lang='lat' dir='ltr'><strong>fus</strong></span> <span class='ocrx_word' id='word_1_7' title='bbox 607 706 658 768; x_wconf 88' lang='lat' dir='ltr'><strong>est</strong></span> <span class='ocrx_word' id='word_1_8' title='bbox 680 725 740 768; x_wconf 90' lang='lat' dir='ltr'><strong>nos</strong></span> <span class='ocrx_word' id='word_1_9' title='bbox 763 703 892 768; x_wconf 85' lang='lat' dir='ltr'><strong>credere</strong></span> <span class='ocrx_word' id='word_1_10' title='bbox 914 710 1027 789; x_wconf 79' lang='lat' dir='ltr'><strong>natos,</strong></span> 
     </span>
     <span class='ocr_line' id='line_1_4' title="bbox 126 791 900 876; baseline 0.001 -20"><span class='ocrx_word' id='word_1_11' title='bbox 126 796 302 858; x_wconf 78' lang='lat' dir='ltr'><strong>Auctorem</strong></span> <span class='ocrx_word' id='word_1_12' title='bbox 325 793 413 858; x_wconf 79' lang='lat' dir='ltr'><strong>uitae</strong></span> <span class='ocrx_word' id='word_1_13' title='bbox 437 793 465 857; x_wconf 91' lang='lat' dir='ltr'><strong>si</strong></span> <span class='ocrx_word' id='word_1_14' title='bbox 488 793 610 857; x_wconf 88' lang='lat' dir='ltr'><strong>iustum</strong></span> <span class='ocrx_word' id='word_1_15' title='bbox 633 791 792 857; x_wconf 89' lang='lat' dir='ltr'><strong>credimus</strong></span> <span class='ocrx_word' id='word_1_16' title='bbox 815 813 900 876; x_wconf 86' lang='lat' dir='ltr'><strong>esse,</strong></span> 
     </span>
    </p>

    <p class='ocr_par' dir='ltr' id='par_1_3' title="bbox 125 879 1139 1054">
     <span class='ocr_line' id='line_1_5' title="bbox 125 879 1139 965; baseline 0.004 -21"><span class='ocrx_word' id='word_1_17' title='bbox 125 879 206 945; x_wconf 81' lang='lat' dir='ltr'><strong>Vite</strong></span> <span class='ocrx_word' id='word_1_18' title='bbox 229 881 295 946; x_wconf 81' lang='lat' dir='ltr'><strong>slis</strong></span> <span class='ocrx_word' id='word_1_19' title='bbox 318 885 368 946; x_wconf 90' lang='lat' dir='ltr'><strong>est</strong></span> <span class='ocrx_word' id='word_1_20' title='bbox 389 881 486 946; x_wconf 89' lang='lat' dir='ltr'><strong>nobis</strong></span> <span class='ocrx_word' id='word_1_21' title='bbox 509 880 558 945; x_wconf 92' lang='lat' dir='ltr'><strong>illi</strong></span> <span class='ocrx_word' id='word_1_22' title='bbox 581 879 720 946; x_wconf 92' lang='lat' dir='ltr'><strong>uiuendo</strong></span> <span class='ocrx_word' id='word_1_23' title='bbox 743 880 903 965; x_wconf 75' lang='lat' dir='ltr'><strong>peranda,</strong></span> <span class='ocrx_word' id='word_1_24' title='bbox 1105 899 1139 948; x_wconf 79' lang='lat' dir='ltr'><strong>eo</strong></span> 
     </span>
     <span class='ocr_line' id='line_1_6' title="bbox 125 967 970 1054; baseline -0.001 -19"><span class='ocrx_word' id='word_1_25' title='bbox 125 967 208 1035; x_wconf 78' lang='lat' dir='ltr'><strong>Cum</strong></span> <span class='ocrx_word' id='word_1_26' title='bbox 231 992 295 1054; x_wconf 91' lang='lat' dir='ltr'><strong>quo</strong></span> <span class='ocrx_word' id='word_1_27' title='bbox 318 973 395 1054; x_wconf 89' lang='lat' dir='ltr'><strong>post</strong></span> <span class='ocrx_word' id='word_1_28' title='bbox 416 970 513 1034; x_wconf 80' lang='lat' dir='ltr'><strong>istem</strong></span> <span class='ocrx_word' id='word_1_29' title='bbox 536 970 700 1053; x_wconf 87' lang='lat' dir='ltr'><strong>possimus</strong></span> <span class='ocrx_word' id='word_1_30' title='bbox 722 969 833 1034; x_wconf 87' lang='lat' dir='ltr'><strong>uiuere</strong></span> <span class='ocrx_word' id='word_1_31' title='bbox 855 969 970 1034; x_wconf 81' lang='lat' dir='ltr'><strong>uitem.</strong></span> 
     </span>
    </p>

    <p class='ocr_par' dir='ltr' id='par_1_4' title="bbox 124 1056 1123 1232">
     <span class='ocr_line' id='line_1_7' title="bbox 124 1056 1123 1143; baseline 0.004 -22"><span class='ocrx_word' id='word_1_32' title='bbox 124 1056 180 1122; x_wconf 92' lang='lat' dir='ltr'><strong>Illi</strong></span> <span class='ocrx_word' id='word_1_33' title='bbox 199 1058 347 1142; x_wconf 82' lang='lat' dir='ltr'>equidem</span> <span class='ocrx_word' id='word_1_34' title='bbox 365 1059 492 1143; x_wconf 77' lang='lat' dir='ltr'><strong>stygius</strong></span> <span class='ocrx_word' id='word_1_35' title='bbox 511 1060 688 1141; x_wconf 76' lang='lat' dir='ltr'><strong>properent</strong></span> <span class='ocrx_word' id='word_1_36' title='bbox 707 1056 899 1122; x_wconf 76' lang='lat' dir='ltr'><strong>descendere</strong></span> <span class='ocrx_word' id='word_1_37' title='bbox 921 1056 962 1123; x_wconf 83' lang='lat' dir='ltr'><strong>ud</strong></span> <span class='ocrx_word' id='word_1_38' title='bbox 981 1059 1123 1142; x_wconf 77' lang='lat' dir='ltr'><strong>umbras,</strong></span> 
     </span>
     <span class='ocr_line' id='line_1_8' title="bbox 125 1144 934 1232; baseline 0.001 -23"><span class='ocrx_word' id='word_1_39' title='bbox 125 1144 407 1232; x_wconf 67' lang='lat' dir='ltr'><strong>Pythagoreorum</strong></span> <span class='ocrx_word' id='word_1_40' title='bbox 430 1145 587 1211; x_wconf 88' lang='lat' dir='ltr'><strong>stolidum</strong></span> <span class='ocrx_word' id='word_1_41' title='bbox 610 1146 666 1230; x_wconf 89' lang='lat' dir='ltr'><strong>qui</strong></span> <span class='ocrx_word' id='word_1_42' title='bbox 689 1144 809 1231; x_wconf 79' lang='lat' dir='ltr'><strong>dogma</strong></span> <span class='ocrx_word' id='word_1_43' title='bbox 831 1148 934 1211; x_wconf 88' lang='lat' dir='ltr'><strong>secuti</strong></span> 
     </span>
    </p>

    <p class='ocr_par' dir='ltr' id='par_1_5' title="bbox 125 1233 961 1318">
     <span class='ocr_line' id='line_1_9' title="bbox 125 1233 961 1318; baseline 0.002 -20"><span class='ocrx_word' id='word_1_44' title='bbox 125 1233 201 1300; x_wconf 90' lang='lat' dir='ltr'><strong>Non</strong></span> <span class='ocrx_word' id='word_1_45' title='bbox 224 1236 314 1300; x_wconf 86' lang='lat' dir='ltr'><strong>nesci</strong></span> <span class='ocrx_word' id='word_1_46' title='bbox 338 1255 407 1298; x_wconf 89' lang='lat' dir='ltr'><strong>sese</strong></span> <span class='ocrx_word' id='word_1_47' title='bbox 430 1255 527 1318; x_wconf 83' lang='lat' dir='ltr'><strong>quam</strong></span> <span class='ocrx_word' id='word_1_48' title='bbox 550 1237 645 1299; x_wconf 83' lang='lat' dir='ltr'><strong>natos</strong></span> <span class='ocrx_word' id='word_1_49' title='bbox 668 1234 778 1300; x_wconf 88' lang='lat' dir='ltr'><strong>uiuere</strong></span> <span class='ocrx_word' id='word_1_50' title='bbox 800 1234 961 1315; x_wconf 80' lang='lat' dir='ltr'><strong>melint“]</strong></span> 
     </span>
    </p>
   </div>
   <div class='ocr_carea' id='block_1_3' title="bbox 70 1426 1059 1940">
    <p class='ocr_par' dir='ltr' id='par_1_6' title="bbox 70 1426 1059 1940">
     <span class='ocr_line' id='line_1_10' title="bbox 70 1426 1015 1530; baseline -0.004 -10"><span class='ocrx_word' id='word_1_51' title='bbox 70 1426 231 1530; x_wconf 57' lang='lat' dir='ltr'><strong>uitilim]</strong></span> <span class='ocrx_word' id='word_1_52' title='bbox 256 1460 304 1514; x_wconf 77' lang='lat' dir='ltr'><strong>oe</strong></span> <span class='ocrx_word' id='word_1_53' title='bbox 324 1459 412 1516; x_wconf 73' lang='lat' dir='ltr'><strong>vnto</strong></span> <span class='ocrx_word' id='word_1_54' title='bbox 431 1459 531 1516; x_wconf 76' lang='lat' dir='ltr'><strong>sono</strong></span> <span class='ocrx_word' id='word_1_55' title='bbox 550 1461 795 1514; x_wconf 73' lang='lat' dir='ltr'><strong>nrorrormu</strong></span> <span class='ocrx_word' id='word_1_56' title='bbox 812 1462 1015 1516; x_wconf 74' lang='lat' dir='ltr'><strong>rnoeszm.</strong></span> 
     </span>
     <span class='ocr_line' id='line_1_11' title="bbox 124 1586 1059 1673; baseline 0.005 -23"><span class='ocrx_word' id='word_1_57' title='bbox 124 1586 185 1651; x_wconf 85' lang='lat' dir='ltr'><strong>Vir</strong></span> <span class='ocrx_word' id='word_1_58' title='bbox 207 1587 312 1652; x_wconf 92' lang='lat' dir='ltr'><strong>bonus</strong></span> <span class='ocrx_word' id='word_1_59' title='bbox 335 1591 369 1651; x_wconf 90' lang='lat' dir='ltr'><strong>et</strong></span> <span class='ocrx_word' id='word_1_60' title='bbox 391 1588 535 1672; x_wconf 82' lang='lat' dir='ltr'><strong>sepiens,</strong></span> <span class='ocrx_word' id='word_1_61' title='bbox 557 1588 687 1672; x_wconf 77' lang='lat' dir='ltr'><strong>qualem</strong></span> <span class='ocrx_word' id='word_1_62' title='bbox 710 1588 767 1652; x_wconf 83' lang='lat' dir='ltr'><strong>uix</strong></span> <span class='ocrx_word' id='word_1_63' title='bbox 788 1589 935 1673; x_wconf 87' lang='lat' dir='ltr'><strong>repperit</strong></span> <span class='ocrx_word' id='word_1_64' title='bbox 957 1612 1059 1655; x_wconf 86' lang='lat' dir='ltr'><strong>unum</strong></span> 
     </span>
     <span class='ocr_line' id='line_1_12' title="bbox 123 1674 988 1762; baseline 0.006 -24"><span class='ocrx_word' id='word_1_65' title='bbox 123 1674 256 1741; x_wconf 84' lang='lat' dir='ltr'><strong>lllilibus</strong></span> <span class='ocrx_word' id='word_1_66' title='bbox 280 1698 298 1741; x_wconf 89' lang='lat' dir='ltr'><strong>e</strong></span> <span class='ocrx_word' id='word_1_67' title='bbox 320 1676 444 1741; x_wconf 90' lang='lat' dir='ltr'><strong>cunctis</strong></span> <span class='ocrx_word' id='word_1_68' title='bbox 467 1676 636 1741; x_wconf 90' lang='lat' dir='ltr'><strong>hominum</strong></span> <span class='ocrx_word' id='word_1_69' title='bbox 660 1676 827 1740; x_wconf 87' lang='lat' dir='ltr'><strong>consultus</strong></span> <span class='ocrx_word' id='word_1_70' title='bbox 850 1677 988 1762; x_wconf 81' lang='lat' dir='ltr'><strong>Apollo,</strong></span> 
     </span>
     <span class='ocr_line' id='line_1_13' title="bbox 124 1763 995 1850; baseline 0.003 -22"><span class='ocrx_word' id='word_1_71' title='bbox 124 1763 225 1829; x_wconf 81' lang='lat' dir='ltr'><strong>Iudex</strong></span> <span class='ocrx_word' id='word_1_72' title='bbox 248 1766 318 1850; x_wconf 90' lang='lat' dir='ltr'><strong>ipse</strong></span> <span class='ocrx_word' id='word_1_73' title='bbox 343 1766 393 1829; x_wconf 92' lang='lat' dir='ltr'><strong>sui</strong></span> <span class='ocrx_word' id='word_1_74' title='bbox 415 1769 521 1830; x_wconf 90' lang='lat' dir='ltr'><strong>totum</strong></span> <span class='ocrx_word' id='word_1_75' title='bbox 545 1786 579 1829; x_wconf 91' lang='lat' dir='ltr'><strong>se</strong></span> <span class='ocrx_word' id='word_1_76' title='bbox 602 1764 750 1849; x_wconf 80' lang='lat' dir='ltr'><strong>explorat</strong></span> <span class='ocrx_word' id='word_1_77' title='bbox 774 1764 815 1828; x_wconf 82' lang='lat' dir='ltr'><strong>sd</strong></span> <span class='ocrx_word' id='word_1_78' title='bbox 837 1785 995 1850; x_wconf 79' lang='lat' dir='ltr'><strong>unguem:</strong></span> 
     </span>
     <span class='ocr_line' id='line_1_14' title="bbox 124 1851 1000 1940; baseline 0.003 -23"><span class='ocrx_word' id='word_1_79' title='bbox 124 1852 208 1929; x_wconf 85' lang='lat' dir='ltr'><strong>Quid</strong></span> <span class='ocrx_word' id='word_1_80' title='bbox 232 1874 381 1937; x_wconf 84' lang='lat' dir='ltr'><strong>proceres</strong></span> <span class='ocrx_word' id='word_1_81' title='bbox 405 1853 543 1938; x_wconf 83' lang='lat' dir='ltr'><strong>uanique</strong></span> <span class='ocrx_word' id='word_1_82' title='bbox 565 1853 647 1918; x_wconf 90' lang='lat' dir='ltr'><strong>leuis</strong></span> <span class='ocrx_word' id='word_1_83' title='bbox 670 1851 747 1937; x_wconf 88' lang='lat' dir='ltr'><strong>quid</strong></span> <span class='ocrx_word' id='word_1_84' title='bbox 770 1853 882 1937; x_wconf 93' lang='lat' dir='ltr'><strong>opinio</strong></span> <span class='ocrx_word' id='word_1_85' title='bbox 906 1854 1000 1940; x_wconf 81' lang='lat' dir='ltr'><strong>uolgi</strong></span> 
     </span>
    </p>
   </div>
   <div class='ocr_carea' id='block_1_4' title="bbox 121 2027 1135 2996">
    <p class='ocr_par' dir='ltr' id='par_1_7' title="bbox 122 2027 1135 2202">
     <span class='ocr_line' id='line_1_15' title="bbox 124 2027 1135 2115; baseline 0.004 -22"><span class='ocrx_word' id='word_1_86' title='bbox 124 2027 276 2112; x_wconf 83' lang='lat' dir='ltr'><strong>Securus,</strong></span> <span class='ocrx_word' id='word_1_87' title='bbox 299 2030 411 2093; x_wconf 90' lang='lat' dir='ltr'><strong>mundi</strong></span> <span class='ocrx_word' id='word_1_88' title='bbox 428 2030 532 2094; x_wconf 76' lang='lat' dir='ltr'><strong>instar</strong></span> <span class='ocrx_word' id='word_1_89' title='bbox 550 2029 687 2108; x_wconf 85' lang='lat' dir='ltr'><strong>hebens,</strong></span> <span class='ocrx_word' id='word_1_90' title='bbox 707 2033 794 2094; x_wconf 87' lang='lat' dir='ltr'><strong>teres</strong></span> <span class='ocrx_word' id='word_1_91' title='bbox 813 2034 911 2114; x_wconf 84' lang='lat' dir='ltr'><strong>etque</strong></span> <span class='ocrx_word' id='word_1_92' title='bbox 929 2032 1098 2115; x_wconf 87' lang='lat' dir='ltr'><strong>rotundus,</strong></span> <span class='ocrx_word' id='word_1_93' title='bbox 1120 2050 1135 2097; x_wconf 80' lang='lat'><strong>5</strong></span> 
     </span>
     <span class='ocr_line' id='line_1_16' title="bbox 122 2116 865 2202; baseline 0.003 -22"><span class='ocrx_word' id='word_1_94' title='bbox 122 2116 286 2181; x_wconf 82' lang='lat' dir='ltr'><strong>Externae</strong></span> <span class='ocrx_word' id='word_1_95' title='bbox 309 2140 350 2182; x_wconf 91' lang='lat' dir='ltr'><strong>ne</strong></span> <span class='ocrx_word' id='word_1_96' title='bbox 373 2118 450 2201; x_wconf 91' lang='lat' dir='ltr'><strong>quid</strong></span> <span class='ocrx_word' id='word_1_97' title='bbox 472 2117 558 2181; x_wconf 85' lang='lat' dir='ltr'><strong>labis</strong></span> <span class='ocrx_word' id='word_1_98' title='bbox 582 2139 640 2202; x_wconf 91' lang='lat' dir='ltr'><strong>per</strong></span> <span class='ocrx_word' id='word_1_99' title='bbox 662 2117 749 2182; x_wconf 80' lang='lat' dir='ltr'><strong>leuis</strong></span> <span class='ocrx_word' id='word_1_100' title='bbox 770 2119 865 2183; x_wconf 85' lang='lat' dir='ltr'><strong>sidat.</strong></span> 
     </span>
    </p>

    <p class='ocr_par' dir='ltr' id='par_1_8' title="bbox 123 2203 1068 2469">
     <span class='ocr_line' id='line_1_17' title="bbox 123 2203 987 2291; baseline 0.003 -22"><span class='ocrx_word' id='word_1_101' title='bbox 123 2203 197 2289; x_wconf 82' lang='lat' dir='ltr'><strong>Ille,</strong></span> <span class='ocrx_word' id='word_1_102' title='bbox 220 2206 287 2270; x_wconf 88' lang='lat' dir='ltr'><strong>dies</strong></span> <span class='ocrx_word' id='word_1_103' title='bbox 312 2228 409 2291; x_wconf 78' lang='lat' dir='ltr'><strong>quem</strong></span> <span class='ocrx_word' id='word_1_104' title='bbox 432 2207 549 2290; x_wconf 83' lang='lat' dir='ltr'><strong>longus</strong></span> <span class='ocrx_word' id='word_1_105' title='bbox 572 2207 635 2270; x_wconf 89' lang='lat' dir='ltr'><strong>erit</strong></span> <span class='ocrx_word' id='word_1_106' title='bbox 658 2205 719 2270; x_wconf 93' lang='lat' dir='ltr'><strong>sub</strong></span> <span class='ocrx_word' id='word_1_107' title='bbox 743 2207 846 2271; x_wconf 86' lang='lat' dir='ltr'><strong>sidere</strong></span> <span class='ocrx_word' id='word_1_108' title='bbox 870 2206 987 2273; x_wconf 85' lang='lat' dir='ltr'><strong>Gencri</strong></span> 
     </span>
     <span class='ocr_line' id='line_1_18' title="bbox 123 2292 1068 2381; baseline 0.006 -24"><span class='ocrx_word' id='word_1_109' title='bbox 123 2292 313 2379; x_wconf 80' lang='lat' dir='ltr'><strong>Quantaque</strong></span> <span class='ocrx_word' id='word_1_110' title='bbox 336 2316 400 2359; x_wconf 84' lang='lat' dir='ltr'><strong>nox</strong></span> <span class='ocrx_word' id='word_1_111' title='bbox 422 2296 548 2377; x_wconf 91' lang='lat' dir='ltr'><strong>tropico</strong></span> <span class='ocrx_word' id='word_1_112' title='bbox 573 2316 608 2359; x_wconf 91' lang='lat' dir='ltr'><strong>se</strong></span> <span class='ocrx_word' id='word_1_113' title='bbox 631 2295 771 2379; x_wconf 80' lang='lat' dir='ltr'><strong>porrigit</strong></span> <span class='ocrx_word' id='word_1_114' title='bbox 793 2296 829 2359; x_wconf 86' lang='lat' dir='ltr'><strong>in</strong></span> <span class='ocrx_word' id='word_1_115' title='bbox 853 2293 1068 2381; x_wconf 79' lang='lat' dir='ltr'><strong>Capricorno,</strong></span> 
     </span>
     <span class='ocr_line' id='line_1_19' title="bbox 123 2380 961 2469; baseline 0.004 -23"><span class='ocrx_word' id='word_1_116' title='bbox 123 2380 256 2468; x_wconf 80' lang='lat' dir='ltr'><strong>Cogitet</strong></span> <span class='ocrx_word' id='word_1_117' title='bbox 279 2389 313 2449; x_wconf 92' lang='lat' dir='ltr'><strong>et</strong></span> <span class='ocrx_word' id='word_1_118' title='bbox 334 2384 420 2448; x_wconf 88' lang='lat' dir='ltr'><strong>iusto</strong></span> <span class='ocrx_word' id='word_1_119' title='bbox 443 2383 586 2448; x_wconf 76' lang='lat' dir='ltr'><strong>trutinae</strong></span> <span class='ocrx_word' id='word_1_120' title='bbox 609 2404 643 2447; x_wconf 91' lang='lat' dir='ltr'><strong>se</strong></span> <span class='ocrx_word' id='word_1_121' title='bbox 666 2384 813 2448; x_wconf 83' lang='lat' dir='ltr'><strong>examine</strong></span> <span class='ocrx_word' id='word_1_122' title='bbox 835 2385 961 2469; x_wconf 86' lang='lat' dir='ltr'><strong>pendit,</strong></span> 
     </span>
    </p>

    <p class='ocr_par' dir='ltr' id='par_1_9' title="bbox 122 2470 1135 2643">
     <span class='ocr_line' id='line_1_20' title="bbox 122 2470 1135 2558; baseline 0.004 -23"><span class='ocrx_word' id='word_1_123' title='bbox 122 2470 173 2536; x_wconf 86' lang='lat' dir='ltr'><strong>Ne</strong></span> <span class='ocrx_word' id='word_1_124' title='bbox 197 2473 273 2556; x_wconf 90' lang='lat' dir='ltr'><strong>quid</strong></span> <span class='ocrx_word' id='word_1_125' title='bbox 295 2473 379 2555; x_wconf 89' lang='lat' dir='ltr'><strong>hiet,</strong></span> <span class='ocrx_word' id='word_1_126' title='bbox 402 2494 442 2538; x_wconf 91' lang='lat' dir='ltr'><strong>ne</strong></span> <span class='ocrx_word' id='word_1_127' title='bbox 467 2472 543 2557; x_wconf 92' lang='lat' dir='ltr'><strong>quid</strong></span> <span class='ocrx_word' id='word_1_128' title='bbox 566 2472 769 2555; x_wconf 76' lang='lat' dir='ltr'><strong>protuberet,</strong></span> <span class='ocrx_word' id='word_1_129' title='bbox 793 2473 930 2558; x_wconf 80' lang='lat' dir='ltr'><strong>angulus</strong></span> <span class='ocrx_word' id='word_1_130' title='bbox 953 2474 1066 2558; x_wconf 85' lang='lat' dir='ltr'><strong>eequis</strong></span> <span class='ocrx_word' id='word_1_131' title='bbox 1103 2491 1135 2539; x_wconf 84' lang='lat'><strong>10</strong></span> 
     </span>
     <span class='ocr_line' id='line_1_21' title="bbox 122 2558 905 2643; baseline 0 -18"><span class='ocrx_word' id='word_1_132' title='bbox 122 2558 276 2626; x_wconf 87' lang='lat' dir='ltr'><strong>Partibus</strong></span> <span class='ocrx_word' id='word_1_133' title='bbox 299 2568 336 2626; x_wconf 89' lang='lat' dir='ltr'><strong>ut</strong></span> <span class='ocrx_word' id='word_1_134' title='bbox 359 2566 464 2638; x_wconf 83' lang='lat' dir='ltr'><strong>coeat,</strong></span> <span class='ocrx_word' id='word_1_135' title='bbox 486 2561 533 2626; x_wconf 91' lang='lat' dir='ltr'><strong>nil</strong></span> <span class='ocrx_word' id='word_1_136' title='bbox 557 2565 594 2625; x_wconf 87' lang='lat' dir='ltr'><strong>ut</strong></span> <span class='ocrx_word' id='word_1_137' title='bbox 616 2560 730 2624; x_wconf 87' lang='lat' dir='ltr'><strong>deliret</strong></span> <span class='ocrx_word' id='word_1_138' title='bbox 753 2561 905 2643; x_wconf 84' lang='lat' dir='ltr'><strong>amussis,</strong></span> 
     </span>
    </p>

    <p class='ocr_par' dir='ltr' id='par_1_10' title="bbox 121 2647 1095 2822">
     <span class='ocr_line' id='line_1_22' title="bbox 122 2647 1095 2735; baseline 0.003 -22"><span class='ocrx_word' id='word_1_139' title='bbox 122 2647 174 2713; x_wconf 84' lang='lat' dir='ltr'><strong>Sit</strong></span> <span class='ocrx_word' id='word_1_140' title='bbox 197 2650 350 2732; x_wconf 88' lang='lat' dir='ltr'><strong>solidum,</strong></span> <span class='ocrx_word' id='word_1_141' title='bbox 373 2650 597 2735; x_wconf 89' lang='lat' dir='ltr'><strong>quodcumque</strong></span> <span class='ocrx_word' id='word_1_142' title='bbox 620 2648 744 2731; x_wconf 86' lang='lat' dir='ltr'><strong>subest,</strong></span> <span class='ocrx_word' id='word_1_143' title='bbox 766 2671 826 2714; x_wconf 92' lang='lat' dir='ltr'><strong>nec</strong></span> <span class='ocrx_word' id='word_1_144' title='bbox 849 2650 959 2716; x_wconf 79' lang='lat' dir='ltr'><strong>inania</strong></span> <span class='ocrx_word' id='word_1_145' title='bbox 982 2651 1095 2716; x_wconf 88' lang='lat' dir='ltr'><strong>subter</strong></span> 
     </span>
     <span class='ocr_line' id='line_1_23' title="bbox 121 2736 898 2822; baseline 0.003 -22"><span class='ocrx_word' id='word_1_146' title='bbox 121 2736 248 2802; x_wconf 90' lang='lat' dir='ltr'><strong>Indicet</strong></span> <span class='ocrx_word' id='word_1_147' title='bbox 271 2739 421 2803; x_wconf 69' lang='lat' dir='ltr'><strong>admotus</strong></span> <span class='ocrx_word' id='word_1_148' title='bbox 445 2738 557 2822; x_wconf 80' lang='lat' dir='ltr'><strong>digitis</strong></span> <span class='ocrx_word' id='word_1_149' title='bbox 579 2737 778 2820; x_wconf 87' lang='lat' dir='ltr'><strong>pellentibus</strong></span> <span class='ocrx_word' id='word_1_150' title='bbox 800 2738 898 2820; x_wconf 88' lang='lat' dir='ltr'><strong>ictus,</strong></span> 
     </span>
    </p>

    <p class='ocr_par' dir='ltr' id='par_1_11' title="bbox 122 2824 1135 2996">
     <span class='ocr_line' id='line_1_24' title="bbox 122 2824 1044 2910; baseline 0.005 -22"><span class='ocrx_word' id='word_1_151' title='bbox 122 2824 199 2888; x_wconf 90' lang='lat' dir='ltr'><strong>Non</strong></span> <span class='ocrx_word' id='word_1_152' title='bbox 222 2827 311 2908; x_wconf 89' lang='lat' dir='ltr'><strong>prius</strong></span> <span class='ocrx_word' id='word_1_153' title='bbox 335 2827 368 2888; x_wconf 91' lang='lat' dir='ltr'><strong>in</strong></span> <span class='ocrx_word' id='word_1_154' title='bbox 391 2825 518 2890; x_wconf 83' lang='lat' dir='ltr'><strong>dulcem</strong></span> <span class='ocrx_word' id='word_1_155' title='bbox 542 2824 708 2890; x_wconf 80' lang='lat' dir='ltr'><strong>declinans</strong></span> <span class='ocrx_word' id='word_1_156' title='bbox 732 2827 856 2891; x_wconf 85' lang='lat' dir='ltr'><strong>lumina</strong></span> <span class='ocrx_word' id='word_1_157' title='bbox 878 2848 1044 2910; x_wconf 81' lang='lat' dir='ltr'><strong>somnum,</strong></span> 
     </span>
     <span class='ocr_line' id='line_1_25' title="bbox 122 2912 1135 2996; baseline 0.005 -20"><span class='ocrx_word' id='word_1_158' title='bbox 122 2912 239 2977; x_wconf 81' lang='lat' dir='ltr'><strong>Omnia</strong></span> <span class='ocrx_word' id='word_1_159' title='bbox 263 2934 360 2996; x_wconf 87' lang='lat' dir='ltr'><strong>quam</strong></span> <span class='ocrx_word' id='word_1_160' title='bbox 383 2913 475 2996; x_wconf 85' lang='lat' dir='ltr'><strong>longi</strong></span> <span class='ocrx_word' id='word_1_161' title='bbox 498 2915 700 2996; x_wconf 85' lang='lat' dir='ltr'><strong>reputeuerit</strong></span> <span class='ocrx_word' id='word_1_162' title='bbox 723 2918 797 2980; x_wconf 84' lang='lat' dir='ltr'><strong>acte</strong></span> <span class='ocrx_word' id='word_1_163' title='bbox 820 2916 896 2980; x_wconf 90' lang='lat' dir='ltr'><strong>diei:</strong></span> <span class='ocrx_word' id='word_1_164' title='bbox 1104 2934 1135 2981; x_wconf 84' lang='lat'><strong>15</strong></span> 
     </span>
    </p>
   </div>
   <div class='ocr_carea' id='block_1_5' title="bbox 121 3067 1136 3278">
    <p class='ocr_par' dir='ltr' id='par_1_12' title="bbox 121 3067 1136 3278">
     <span class='ocr_line' id='line_1_26' title="bbox 196 3067 1136 3144; baseline 0.007 -22"><span class='ocrx_word' id='word_1_165' title='bbox 196 3075 229 3123; x_wconf 83' lang='lat'><strong>58</strong></span> <span class='ocrx_word' id='word_1_166' title='bbox 249 3067 278 3122; x_wconf 89' lang='lat' dir='ltr'><strong>in</strong></span> <span class='ocrx_word' id='word_1_167' title='bbox 297 3084 391 3122; x_wconf 82' lang='lat' dir='ltr'><strong>casum</strong></span> <span class='ocrx_word' id='word_1_168' title='bbox 410 3067 439 3121; x_wconf 92' lang='lat' dir='ltr'><strong><em>P</em></strong></span> <span class='ocrx_word' id='word_1_169' title='bbox 490 3074 524 3123; x_wconf 74' lang='grc'><strong>69</strong></span> <span class='ocrx_word' id='word_1_170' title='bbox 543 3071 670 3125; x_wconf 79' lang='lat' dir='ltr'><strong>autorem</strong></span> <span class='ocrx_word' id='word_1_171' title='bbox 689 3069 717 3125; x_wconf 91' lang='lat' dir='ltr'><strong><em>P</em></strong></span> <span class='ocrx_word' id='word_1_172' title='bbox 767 3075 801 3124; x_wconf 74' lang='lat'><strong>62</strong></span> <span class='ocrx_word' id='word_1_173' title='bbox 821 3070 867 3125; x_wconf 93' lang='lat' dir='ltr'><strong>llli</strong></span> <span class='ocrx_word' id='word_1_174' title='bbox 885 3071 1017 3140; x_wconf 89' lang='lat' dir='ltr'><strong>equidem</strong></span> <span class='ocrx_word' id='word_1_175' title='bbox 1037 3073 1136 3144; x_wconf 79' lang='lat' dir='ltr'><strong>Peipcr</strong></span> 
     </span>
     <span class='ocr_line' id='line_1_27' title="bbox 122 3138 1135 3215; baseline 0.009 -24"><span class='ocrx_word' id='word_1_176' title='bbox 122 3138 229 3208; x_wconf 72' lang='lat' dir='ltr'><strong>Illoque</strong></span> <span class='ocrx_word' id='word_1_177' title='bbox 244 3139 290 3208; x_wconf 92' lang='grc' dir='ltr'><strong>Ρ1</strong></span> <span class='ocrx_word' id='word_1_178' title='bbox 305 3139 405 3209; x_wconf 74' lang='lat' dir='ltr'><strong>stigias</strong></span> <span class='ocrx_word' id='word_1_179' title='bbox 420 3139 448 3193; x_wconf 95' lang='lat' dir='ltr'><strong><em>P</em></strong></span> <span class='ocrx_word' id='word_1_180' title='bbox 500 3145 533 3194; x_wconf 83' lang='grc'><strong>63</strong></span> <span class='ocrx_word' id='word_1_181' title='bbox 552 3141 763 3211; x_wconf 78' lang='lat' dir='ltr'><strong>pitagoreorum</strong></span> <span class='ocrx_word' id='word_1_182' title='bbox 779 3142 807 3196; x_wconf 95' lang='lat' dir='ltr'><strong><em>P</em></strong></span> <span class='ocrx_word' id='word_1_183' title='bbox 821 3144 826 3213; x_wconf 88' lang='grc' dir='ltr'>Ι</span> <span class='ocrx_word' id='word_1_184' title='bbox 841 3142 910 3211; x_wconf 88' lang='lat' dir='ltr'><strong>quid</strong></span> <span class='ocrx_word' id='word_1_185' title='bbox 928 3142 957 3196; x_wconf 92' lang='lat' dir='ltr'><strong><em>P</em></strong></span> <span class='ocrx_word' id='word_1_186' title='bbox 1009 3150 1045 3200; x_wconf 81' lang='grc'><strong>64</strong></span> <span class='ocrx_word' id='word_1_187' title='bbox 1064 3147 1135 3215; x_wconf 85' lang='lat' dir='ltr'><strong>sese]</strong></span> 
     </span>
     <span class='ocr_line' id='line_1_28' title="bbox 121 3209 426 3278; baseline -0.007 -14"><span class='ocrx_word' id='word_1_188' title='bbox 121 3227 182 3266; x_wconf 86' lang='lat' dir='ltr'><strong>esse</strong></span> <span class='ocrx_word' id='word_1_189' title='bbox 200 3211 246 3278; x_wconf 91' lang='grc' dir='ltr'><strong>ΡΙ</strong></span> <span class='ocrx_word' id='word_1_190' title='bbox 265 3209 378 3265; x_wconf 85' lang='lat' dir='ltr'><strong>mellint</strong></span> <span class='ocrx_word' id='word_1_191' title='bbox 399 3211 426 3262; x_wconf 84' lang='grc' dir='ltr'><em>Ρ</em></span> 
     </span>
    </p>
   </div>
   <div class='ocr_carea' id='block_1_6' title="bbox 20 3295 1139 3797">
    <p class='ocr_par' dir='ltr' id='par_1_13' title="bbox 20 3295 1139 3722">
     <span class='ocr_line' id='line_1_29' title="bbox 20 3295 1137 3372; baseline 0.007 -22"><span class='ocrx_word' id='word_1_192' title='bbox 20 3295 110 3351; x_wconf 80' lang='grc' dir='ltr'><strong>17οΡ</strong></span> <span class='ocrx_word' id='word_1_193' title='bbox 192 3297 231 3352; x_wconf 89' lang='grc'><strong>111</strong></span> <span class='ocrx_word' id='word_1_194' title='bbox 258 3298 300 3352; x_wconf 91' lang='lat' dir='ltr'><strong>De</strong></span> <span class='ocrx_word' id='word_1_195' title='bbox 318 3299 380 3352; x_wconf 88' lang='lat' dir='ltr'><strong>uiro</strong></span> <span class='ocrx_word' id='word_1_196' title='bbox 399 3298 473 3353; x_wconf 90' lang='lat' dir='ltr'><strong>bono</strong></span> <span class='ocrx_word' id='word_1_197' title='bbox 493 3340 499 3352; x_wconf 93' lang='lat'>.</span> <span class='ocrx_word' id='word_1_198' title='bbox 518 3316 682 3355; x_wconf 73' lang='lat' dir='ltr'><strong>erreoomcr</strong></span> <span class='ocrx_word' id='word_1_199' title='bbox 695 3317 816 3356; x_wconf 81' lang='lat' dir='ltr'><strong>errouuc</strong></span> <span class='ocrx_word' id='word_1_200' title='bbox 838 3301 865 3356; x_wconf 85' lang='lat' dir='ltr'><strong><em>V</em></strong></span> <span class='ocrx_word' id='word_1_201' title='bbox 889 3303 974 3370; x_wconf 70' lang='lat' dir='ltr'><strong>(cende</strong></span> <span class='ocrx_word' id='word_1_202' title='bbox 991 3297 1137 3372; x_wconf 73' lang='grc' dir='ltr'><strong>ἀποφασις</strong></span> 
     </span>
     <span class='ocr_line' id='line_1_30' title="bbox 120 3368 1137 3440; baseline 0.006 -16"><span class='ocrx_word' id='word_1_203' title='bbox 120 3368 220 3438; x_wconf 81' lang='lat' dir='ltr'><strong>Peiper</strong></span> <span class='ocrx_word' id='word_1_204' title='bbox 233 3371 268 3435; x_wconf 81' lang='lat' dir='ltr'><strong>cs.</strong></span> <span class='ocrx_word' id='word_1_205' title='bbox 284 3373 351 3435; x_wconf 81' lang='lat'><strong>362,</strong></span> <span class='ocrx_word' id='word_1_206' title='bbox 358 3374 413 3431; x_wconf 86' lang='grc'><strong>511.</strong></span> <span class='ocrx_word' id='word_1_207' title='bbox 450 3369 594 3440; x_wconf 85' lang='lat' dir='ltr'><strong>Incipiunt</strong></span> <span class='ocrx_word' id='word_1_208' title='bbox 612 3376 673 3440; x_wconf 87' lang='lat' dir='ltr'><strong>(om.</strong></span> <span class='ocrx_word' id='word_1_209' title='bbox 688 3372 725 3433; x_wconf 72' lang='lat' dir='ltr'><strong>Gt</strong></span> <span class='ocrx_word' id='word_1_210' title='bbox 744 3372 779 3426; x_wconf 89' lang='lat' dir='ltr'><strong>de</strong></span> <span class='ocrx_word' id='word_1_211' title='bbox 797 3371 977 3428; x_wconf 86' lang='lat' dir='ltr'><strong>institutione</strong></span> <span class='ocrx_word' id='word_1_212' title='bbox 995 3373 1051 3428; x_wconf 90' lang='lat' dir='ltr'><strong>uiri</strong></span> <span class='ocrx_word' id='word_1_213' title='bbox 1069 3375 1137 3430; x_wconf 92' lang='lat' dir='ltr'><strong>boni</strong></span> 
     </span>
     <span class='ocr_line' id='line_1_31' title="bbox 120 3439 1135 3516; baseline 0.005 -21"><span class='ocrx_word' id='word_1_214' title='bbox 120 3439 182 3495; x_wconf 83' lang='lat' dir='ltr'><strong>GP</strong></span> <span class='ocrx_word' id='word_1_215' title='bbox 251 3440 359 3510; x_wconf 66' lang='lat' dir='ltr'><strong>trigue</strong></span> <span class='ocrx_word' id='word_1_216' title='bbox 384 3440 420 3495; x_wconf 84' lang='lat' dir='ltr'><strong>V¹</strong></span> <span class='ocrx_word' id='word_1_217' title='bbox 491 3441 610 3512; x_wconf 68' lang='lat' dir='ltr'><strong>lleuis]</strong></span> <span class='ocrx_word' id='word_1_218' title='bbox 630 3441 690 3496; x_wconf 89' lang='lat' dir='ltr'><strong>lues</strong></span> <span class='ocrx_word' id='word_1_219' title='bbox 714 3442 764 3510; x_wconf 98' lang='grc'><strong>171</strong></span> <span class='ocrx_word' id='word_1_220' title='bbox 788 3442 882 3512; x_wconf 82' lang='lat' dir='ltr'><strong>opinio</strong></span> <span class='ocrx_word' id='word_1_221' title='bbox 906 3443 956 3511; x_wconf 93' lang='grc'><strong>171</strong></span> <span class='ocrx_word' id='word_1_222' title='bbox 980 3444 1073 3516; x_wconf 75' lang='lat' dir='ltr'><strong>uolgi]</strong></span> <span class='ocrx_word' id='word_1_223' title='bbox 1099 3446 1135 3500; x_wconf 74' lang='grc' dir='ltr'><strong>1η</strong></span> 
     </span>
     <span class='ocr_line' id='line_1_32' title="bbox 116 3513 1135 3583; baseline 0.01 -21"><span class='ocrx_word' id='word_1_224' title='bbox 116 3517 182 3581; x_wconf 81' lang='lat' dir='ltr'><strong>post</strong></span> <span class='ocrx_word' id='word_1_225' title='bbox 199 3515 216 3563; x_wconf 83' lang='lat'>4</span> <span class='ocrx_word' id='word_1_226' title='bbox 235 3513 367 3567; x_wconf 76' lang='lat' dir='ltr'><strong>eccidisse</strong></span> <span class='ocrx_word' id='word_1_227' title='bbox 383 3527 493 3566; x_wconf 69' lang='lat' dir='ltr'><strong>ocrem</strong></span> <span class='ocrx_word' id='word_1_228' title='bbox 512 3516 610 3567; x_wconf 73' lang='lat' dir='ltr'><strong>steterit</strong></span> <span class='ocrx_word' id='word_1_229' title='bbox 628 3513 762 3582; x_wconf 76' lang='lat' dir='ltr'><strong>Ribbeck,</strong></span> <span class='ocrx_word' id='word_1_230' title='bbox 783 3520 846 3582; x_wconf 80' lang='lat' dir='ltr'><strong>poet</strong></span> <span class='ocrx_word' id='word_1_231' title='bbox 867 3530 999 3583; x_wconf 86' lang='lat' dir='ltr'><strong>proceres</strong></span> <span class='ocrx_word' id='word_1_232' title='bbox 1017 3517 1135 3572; x_wconf 70' lang='lat' dir='ltr'><strong>duem</strong></span> 
     </span>
     <span class='ocr_line' id='line_1_33' title="bbox 108 3583 1139 3657; baseline 0.005 -21"><span class='ocrx_word' id='word_1_233' title='bbox 108 3598 250 3649; x_wconf 65' lang='lat' dir='ltr'><strong>‚ceruum</strong></span> <span class='ocrx_word' id='word_1_234' title='bbox 267 3583 422 3650; x_wconf 76' lang='lat' dir='ltr'><strong>particulae</strong></span> <span class='ocrx_word' id='word_1_235' title='bbox 439 3584 597 3652; x_wconf 67' lang='lat' dir='ltr'><strong>suspicetur</strong></span> <span class='ocrx_word' id='word_1_236' title='bbox 615 3583 735 3640; x_wconf 73' lang='lat' dir='ltr'><strong>Schenkl</strong></span> <span class='ocrx_word' id='word_1_237' title='bbox 809 3590 826 3639; x_wconf 80' lang='lat'><strong>5</strong></span> <span class='ocrx_word' id='word_1_238' title='bbox 845 3584 931 3640; x_wconf 82' lang='lat' dir='ltr'><strong>ebens</strong></span> <span class='ocrx_word' id='word_1_239' title='bbox 955 3586 1000 3651; x_wconf 87' lang='grc'><strong>171</strong></span> <span class='ocrx_word' id='word_1_240' title='bbox 1019 3587 1088 3657; x_wconf 71' lang='lat' dir='ltr'><strong>adq·</strong></span> <span class='ocrx_word' id='word_1_241' title='bbox 1112 3588 1139 3641; x_wconf 99' lang='lat' dir='ltr'><strong><em>V</em></strong></span> 
     </span>
     <span class='ocr_line' id='line_1_34' title="bbox 174 3652 1136 3722; baseline 0.008 -16"><span class='ocrx_word' id='word_1_242' title='bbox 174 3658 190 3706; x_wconf 87' lang='grc'>6</span> <span class='ocrx_word' id='word_1_243' title='bbox 213 3652 286 3707; x_wconf 82' lang='lat' dir='ltr'><strong>leuis</strong></span> <span class='ocrx_word' id='word_1_244' title='bbox 310 3653 363 3721; x_wconf 95' lang='grc'><strong>171</strong></span> <span class='ocrx_word' id='word_1_245' title='bbox 391 3669 442 3722; x_wconf 89' lang='lat' dir='ltr'><strong>per</strong></span> <span class='ocrx_word' id='word_1_246' title='bbox 464 3652 548 3707; x_wconf 74' lang='lat' dir='ltr'><strong>dduie</strong></span> <span class='ocrx_word' id='word_1_247' title='bbox 566 3655 595 3709; x_wconf 90' lang='lat' dir='ltr'><strong><em>P</em></strong></span> <span class='ocrx_word' id='word_1_248' title='bbox 664 3655 774 3709; x_wconf 79' lang='lat' dir='ltr'><strong>&#39;ldiem</strong></span> <span class='ocrx_word' id='word_1_249' title='bbox 798 3654 891 3710; x_wconf 83' lang='lat' dir='ltr'><strong>VGP</strong></span> <span class='ocrx_word' id='word_1_250' title='bbox 916 3655 976 3710; x_wconf 87' lang='lat' dir='ltr'><strong>dies</strong></span> <span class='ocrx_word' id='word_1_251' title='bbox 1003 3658 1078 3713; x_wconf 74' lang='lat' dir='ltr'><strong>Voss.</strong></span> <span class='ocrx_word' id='word_1_252' title='bbox 1096 3664 1136 3714; x_wconf 76' lang='lat'><strong>96</strong></span> 
     </span>
    </p>

    <p class='ocr_par' dir='ltr' id='par_1_14' title="bbox 118 3722 1103 3797">
     <span class='ocr_line' id='line_1_35' title="bbox 118 3722 1103 3797; baseline 0.003 -17"><span class='ocrx_word' id='word_1_253' title='bbox 118 3739 141 3780; x_wconf 78' lang='lat' dir='ltr'><strong>e.</strong></span> <span class='ocrx_word' id='word_1_254' title='bbox 161 3723 229 3778; x_wconf 85' lang='lat' dir='ltr'><strong>XV</strong></span> <span class='ocrx_word' id='word_1_255' title='bbox 285 3722 441 3794; x_wconf 67' lang='lat' dir='ltr'><strong>ecogitet]</strong></span> <span class='ocrx_word' id='word_1_256' title='bbox 461 3723 569 3794; x_wconf 80' lang='lat' dir='ltr'><strong>cotiget</strong></span> <span class='ocrx_word' id='word_1_257' title='bbox 592 3725 629 3779; x_wconf 85' lang='lat' dir='ltr'><strong>V‘</strong></span> <span class='ocrx_word' id='word_1_258' title='bbox 645 3730 651 3796; x_wconf 95' lang='grc'><strong>1</strong></span> <span class='ocrx_word' id='word_1_259' title='bbox 670 3726 795 3781; x_wconf 84' lang='lat' dir='ltr'><strong>tutrinae</strong></span> <span class='ocrx_word' id='word_1_260' title='bbox 819 3727 847 3780; x_wconf 88' lang='grc'><strong>17</strong></span> <span class='ocrx_word' id='word_1_261' title='bbox 898 3733 931 3781; x_wconf 88' lang='grc'><strong>10</strong></span> <span class='ocrx_word' id='word_1_262' title='bbox 950 3743 1056 3797; x_wconf 86' lang='lat' dir='ltr'><strong>eequus</strong></span> <span class='ocrx_word' id='word_1_263' title='bbox 1073 3729 1103 3783; x_wconf 91' lang='lat' dir='ltr'><strong><em>P</em></strong></span> 
     </span>
    </p>
   </div>
   <div class='ocr_carea' id='block_1_7' title="bbox 118 3807 1132 3973">
    <p class='ocr_par' dir='ltr' id='par_1_15' title="bbox 118 3807 1132 3973">
     <span class='ocr_line' id='line_1_36' title="bbox 120 3807 1132 3903; baseline 0.004 -18"><span class='ocrx_word' id='word_1_264' title='bbox 120 3835 154 3885; x_wconf 82' lang='lat'><strong>11</strong></span> <span class='ocrx_word' id='word_1_265' title='bbox 172 3807 257 3899; x_wconf 72' lang='lat' dir='ltr'><strong>docet</strong></span> <span class='ocrx_word' id='word_1_266' title='bbox 275 3831 302 3885; x_wconf 89' lang='grc'><strong>17</strong></span> <span class='ocrx_word' id='word_1_267' title='bbox 318 3833 395 3885; x_wconf 74' lang='lat' dir='ltr'><strong>co⁰et</strong></span> <span class='ocrx_word' id='word_1_268' title='bbox 413 3830 439 3885; x_wconf 81' lang='lat' dir='ltr'><em>G</em></span> <span class='ocrx_word' id='word_1_269' title='bbox 455 3831 459 3895; x_wconf 95' lang='grc' dir='ltr'>Ι</span> <span class='ocrx_word' id='word_1_270' title='bbox 475 3807 561 3885; x_wconf 71' lang='lat' dir='ltr'><strong>enisis</strong></span> <span class='ocrx_word' id='word_1_271' title='bbox 581 3831 607 3886; x_wconf 90' lang='lat' dir='ltr'><strong><em>V</em></strong></span> <span class='ocrx_word' id='word_1_272' title='bbox 623 3832 734 3886; x_wconf 82' lang='lat' dir='ltr'><strong>emissis</strong></span> <span class='ocrx_word' id='word_1_273' title='bbox 754 3832 783 3886; x_wconf 98' lang='lat' dir='ltr'><strong><em>P</em></strong></span> <span class='ocrx_word' id='word_1_274' title='bbox 843 3838 876 3886; x_wconf 76' lang='lat'><strong>12</strong></span> <span class='ocrx_word' id='word_1_275' title='bbox 896 3850 1063 3903; x_wconf 86' lang='lat' dir='ltr'><strong>quocunque</strong></span> <span class='ocrx_word' id='word_1_276' title='bbox 1080 3834 1107 3889; x_wconf 85' lang='lat' dir='ltr'><em>G</em></span> <span class='ocrx_word' id='word_1_277' title='bbox 1129 3844 1132 3859; x_wconf 80' lang='lat'>²</span> 
     </span>
     <span class='ocr_line' id='line_1_37' title="bbox 118 3899 994 3973; baseline 0.003 -17"><span class='ocrx_word' id='word_1_278' title='bbox 118 3899 251 3957; x_wconf 68' lang='lat' dir='ltr'><strong>ienueG</strong></span> <span class='ocrx_word' id='word_1_279' title='bbox 323 3901 468 3956; x_wconf 78' lang='grc'><strong>1311111111</strong></span> <span class='ocrx_word' id='word_1_280' title='bbox 493 3903 519 3953; x_wconf 89' lang='lat' dir='ltr'><strong><em>V</em></strong></span> <span class='ocrx_word' id='word_1_281' title='bbox 590 3908 623 3956; x_wconf 79' lang='lat'><strong>15</strong></span> <span class='ocrx_word' id='word_1_282' title='bbox 641 3902 994 3973; x_wconf 76' lang='lat' dir='ltr'><strong>reputeritPlhecteV</strong></span> 
     </span>
    </p>
   </div>
   <div class='ocr_carea' id='block_1_8' title="bbox 0 0 1205 4282">
    <p class='ocr_par' dir='ltr' id='par_1_16' title="bbox 0 0 1205 4282">
     <span class='ocr_line' id='line_1_38' title="bbox 0 0 1205 4282; baseline 0 0"><span class='ocrx_word' id='word_1_283' title='bbox 0 0 1205 4282; x_wconf 95' lang='lat' dir='ltr'><strong> </strong></span> 
     </span>
    </p>
   </div>
  </div>
 </body>
</html>
