2430 4274
428 547 672 612 -497--

108 709 128 756 4
148 700 244 757 Cicero
259 700 341 756 Catil.
356 700 409 756 IIII
424 707 440 756 2
456 717 508 772 636
523 720 585 757 sum
600 701 649 757 ille
663 703 768 771 consul,
784 704 879 774 patres
893 704 1056 777 conscripti,
1085 708 1097 732 ⁸

146 773 189 827 oni
214 789 269 826 non
291 771 395 839 forum¹
420 773 449 826 in
473 790 528 840 quo
554 774 644 829 omnis
663 773 793 844 aequitas
812 775 978 843 continetur,
997 793 1054 832 non

145 860 261 913 campus
290 842 487 898 consularibus
516 844 647 913 auspiciis
675 848 867 913 consecratae,
895 863 951 901 non
978 849 1056 902 ouria

146 931 284 968 summum
308 913 444 968 auxilium
467 913 592 970 omnium
615 915 755 984 gentium,
779 933 835 971 non
859 917 958 972 domus
978 935 1054 973 com·

146 1002 229 1040 mune
257 984 429 1054 perfugium,
459 1002 514 1039 non
543 985 632 1041 lectus
661 987 696 1040 sd
724 987 847 1056 quietem
872 987 968 1055 datus,
997 1006 1054 1044 non

146 1055 268 1124 denique
286 1056 356 1110 haec
376 1057 456 1110 sedes
474 1054 588 1112 honoris
607 1072 739 1125 umquam
759 1073 849 1114 uacua
867 1058 966 1114 mortis
980 1059 1053 1129 peri·

146 1128 209 1182 culo
229 1129 313 1194 atque
332 1123 442 1183 insidiis
461 1126 524 1181 fuit

108 1196 471 1323 «leobolitorz'l'ertnllian.
491 1196 558 1254 Lab.
583 1197 650 1254 mnl.
670 1204 686 1253 3
711 1199 834 1255 omnium
855 1216 948 1255 rerum
967 1199 1058 1256 aboli-

179 1284 245 1323 rem.

109 1346 126 1394 6
145 1338 222 1395 Arai.
241 1339 346 1395 Phaon.
366 1345 381 1392 2
400 1338 500 1409 prorui
519 1337 551 1395 di
571 1336 641 1403 Διὸς
659 1341 748 1395 πᾶσαι
767 1338 820 1411 μὲν
839 1336 945 1410 ἀγυιαί.

111 1417 127 1465 9
146 1411 245 1464 Florus
264 1409 277 1462 Ι
295 1428 335 1480 pr.
356 1416 385 1464 3:
411 1409 514 1465 iselam
537 1411 611 1480 quod
636 1412 729 1466 solent
751 1411 800 1480 qui
824 1414 962 1467 terrarum
982 1411 1053 1466 situs

145 1480 278 1551 pingunt:
307 1480 337 1534 in
364 1481 444 1534 breui
467 1481 548 1548 qnasi
571 1481 679 1537 tabella
701 1485 791 1537 totam
816 1482 876 1536 eius
901 1483 1054 1554 imaginem

147 1552 310 1622 amplectar.
348 1549 492 1621 (similiter
515 1551 701 1622 Hieronymus
723 1554 760 1608 ad
778 1553 880 1624 Euagr.
900 1558 931 1609 st
948 1555 977 1609 iu
996 1554 1055 1624 epi-

146 1623 245 1692 taphio
263 1619 435 1692 Nepotiani.)

94 1698 128 1748 13
147 1693 244 1748 consul
263 1709 327 1764 ego:
348 1690 491 1748 Claudian.
511 1693 596 1749 Mam.
615 1712 656 1774 36.
675 1696 730 1749 act.
750 1694 802 1749 Iul.
821 1693 848 1749 d.
868 1700 910 1750 19.

95 1770 130 1819 16
149 1764 329 1819 assiduitate:
349 1764 380 1830 Q.
402 1764 497 1819 Cicero
516 1764 550 1820 ds
570 1765 804 1834 petasones&
824 1765 873 1821 ssd
892 1767 988 1819 tamen
1006 1765 1054 1820 hic

145 1835 253 1890 fructus
272 1839 315 1889 est
333 1835 515 1905 assiduitatis,
534 1852 591 1890 non
609 1837 700 1890 solum
718 1852 779 1892 esse
793 1838 901 1891 Romae
920 1838 1004 1904 atque
1023 1837 1054 1891 in

147 1906 218 1972 foro,
237 1906 284 1960 sed
304 1905 421 1960 adsidue
460 1909 544 1961 aiere.

96 1982 128 2030 13
146 1976 301 2032 Homerici:
321 1973 347 2032 Ε
365 1975 416 2045 Ep.
436 1925 489 2030 in
510 1983 543 2031 10
557 1995 618 2047 sqq.

148 2045 309 2116 {Epirum
332 2054 382 2102 161
401 2047 490 2102 instar
508 2049 609 2103 densae
628 2048 780 2118 grandinis.

148 2116 174 2175 6
192 2118 267 2172 Prof.
287 2124 330 2186 21,
351 2125 383 2172 16
399 2137 460 2187 sqq.

147 2188 287 2245 Laconica
305 2189 458 2243 breuitate:
479 2190 637 2258 Symmach.
656 2190 693 2244 ad
708 2192 810 2246 Auson.
826 2191 839 2244 l
855 2197 887 2245 14
906 2191 942 2245 in.
959 2194 1054 2261 (supra

169 2304 174 2314 .
196 2266 256 2327 141,
275 2265 302 2328 3)
321 2259 477 2315 Laconicae
496 2261 570 2315 malo
591 2261 702 2316 studere
721 2261 864 2317 breuitati.

147 2277 227 2386 iios.
247 2332 316 2386 aud.
337 2337 387 2385 137
408 2327 434 2386 6
452 2329 502 2400 Ep.
522 2330 614 2385 xxvl
633 2338 674 2386 eo.

95 2401 183 2457 2001.
208 2402 303 2457 Sidon.
322 2400 373 2470 Ep.
392 2400 417 2454 V
436 2408 465 2469 3,
487 2408 500 2455 1
524 2403 554 2456 in
573 2402 755 2457 Constantino
774 2402 1006 2465 inconstantiam,
1025 2402 1055 2456 in

148 2473 245 2528 IouIno
273 2473 452 2539 facilitatem,
480 2473 509 2526 in
539 2473 671 2527 Gerontio
700 2473 858 2541 perfidiam,
887 2471 999 2541 singula
1025 2472 1056 2526 in

149 2542 279 2612 singulis,
305 2544 398 2599 omnia
416 2544 445 2597 in
464 2543 595 2599 Dardano
615 2543 730 2599 crimina
750 2544 833 2597 simul
852 2546 1055 2598 execrarentur.

95 2619 130 2668 31
149 2614 272 2670 quenal.
292 2613 317 2667 X
338 2622 370 2669 16
390 2632 507 2684 magnos
527 2614 649 2669 Senecae
669 2612 835 2683 praediuitis
854 2613 961 2669 hortos.

95 2690 129 2739 31
151 2684 353 2750 Quintilianus:
378 2686 412 2740 cf.
432 2686 555 2740 quenal.
575 2685 628 2740 VII
648 2691 696 2740 137
718 2685 741 2739 si
760 2685 873 2741 fortuna
891 2684 980 2753 uolet,
1005 2683 1055 2739 fies

149 2758 184 2811 de
202 2758 314 2812 rhetore
334 2757 437 2812 consul.

93 2832 129 2880 33
149 2828 276 2909 praefero
295 2826 478 2881 Gratianum:
504 2827 599 2882 Sidon.
619 2827 712 2897 Apoll.
732 2845 755 2882 c.
775 2827 827 2882 IIII
848 2832 879 2881 17
900 2842 944 2880 res
964 2825 1055 2881 minor

146 2899 260 3022 rnggnio
278 2899 367 3022 asiais,
386 2898 435 2979 scd
455 2897 572 2953 Caesare
591 2898 694 2965 maior:
712 2899 827 2954 uincent
845 2897 966 2967 eloquio,
986 2898 1053 2952 dum

149 2987 194 3025 mo
216 2986 232 3024 o
251 2987 301 3024 nos
341 2985 443 3024 omino.

95 3045 130 3092 34
149 3038 255 3167 176ὗ311.
271 3042 303 3093 Δ.
321 3039 384 3094 VIII
404 3046 456 3094 734
475 3039 628 3096 discinctos
647 3041 728 3095 Ainos
749 3041 809 3109 (Sil.
827 3039 854 3093 II
873 3046 907 3095 66
926 3039 1056 3093 discincti

149 3111 183 3167 ui
222 3130 270 3166 es.

95 3188 129 3236 36
149 3114 334 3253 patiminis:
347 3180 487 3236 Ammian.
503 3180 607 3234 XXVII
623 3187 663 3247 11,
680 3188 693 3235 1
709 3181 814 3236 Probus
830 3223 836 3234 .
852 3222 858 3235 .
875 3221 881 3234 .
896 3197 981 3248 opum
997 3196 1054 3232 sm·

149 3253 287 3323 pliiudine
311 3253 440 3334 cognitus
465 3251 526 3306 orbi
550 3252 690 3317 Romano,
714 3267 765 3321 per
789 3268 872 3321 quem
895 3250 1056 3304 uniuersum

95 3399 129 3448 33
148 3323 901 3464 iiidiepldiitsfgnitiimpigtiigaiigigililtmonstrabatnr.
939 3389 973 3446 of.
1000 3389 1056 3445 Cic.

149 3467 183 3519 de
202 3468 272 3519 orat.
291 3464 317 3518 II
336 3467 392 3534 (40)
413 3471 471 3520 167.

149 3535 268 3590 felicior:
288 3535 360 3590 Plin.
380 3553 424 3604 ep.
445 3536 468 3588 V
490 3541 537 3603 18,
563 3541 576 3587 1
597 3536 681 3589 homo
699 3534 807 3589 felicIor
827 3538 976 3602 antequam
996 3533 1055 3586 feli-

149 3605 276 3661 ciesimus
290 3606 376 3662 fieret.
398 3606 442 3674 (of.
459 3606 529 3661 Plin.
545 3626 569 3659 n.
587 3606 613 3659 h.
631 3606 679 3660 VII
697 3612 746 3661 137
763 3605 876 3660 Sallust.
893 3606 952 3675 Ing.
965 3609 1008 3671 36,
1019 3606 1056 3672 4.)

95 3680 130 3730 60
150 3677 224 3732 unde
239 3677 272 3731 de
287 3678 372 3747 plano
386 3677 442 3748 legi
457 3678 578 3758 possint:
597 3677 631 3732 ci.
649 3676 785 3747 leianns
802 3694 846 3748 ap.
861 3676 1004 3730 Iustinian.
1021 3674 1055 3726 de

148 3748 292 3803 institoria
311 3747 422 3803 acdona
442 3751 519 3804 uus
538 3748 593 3818 leg.
609 3753 639 3802 2:
659 3749 731 3803 unde
751 3748 786 3801 de
806 3749 890 3817 plano
909 3747 985 3799 recte
999 3745 1056 3813 legi

149 3819 247 3890 possit
272 3818 380 3874 Tabula
393 3834 476 3874 aerea
490 3836 574 3888 qnam
589 3819 687 3873 laudat
696 3818 828 3873 Vinctus:
843 3819 908 3872 ubei
922 3818 956 3870 de
971 3815 1057 3884 plano

149 3893 225 3946 recte
244 3889 302 3961 legi
320 3890 450 3961 poscitur.
481 3889 587 3945 Seneca
602 3909 628 3946 n.
643 3909 668 3960 q.
684 3891 696 3943 I
711 3896 765 3958 1,1
786 3889 858 3943 alias
876 3885 1059 3956 probationes

149 3962 275 4031 quaeda
294 3962 379 4032 plano
399 3959 457 4032 legi
476 3961 599 4030 possunt.

95 4057 225 4100 Assonvs.
814 4052 852 4100 ¹6⁴2
