2430 4274
483 550 720 617 -112-

93 712 289 797 Agnoscunt
313 717 425 777 tamen
449 716 482 775 et
504 732 623 776 nanum
646 710 776 775 uibrare
799 711 948 796 uigorem

93 800 264 885 Occipiunt
286 801 478 884 hostemque
500 821 601 864 unum
624 798 696 864 loca
719 820 784 865 non
808 821 868 864 sua
888 803 1057 885 nanctum,

93 888 176 956 (lum
199 889 311 974 pigros
335 892 448 974 ageret
470 888 570 953 densa
593 887 653 952 sub
677 891 772 953 nocte
795 888 939 972 uolatus,

93 976 194 1043 Facta
216 979 302 1043 nube
325 981 485 1062 premunt.
525 976 744 1061 trepidantem
769 980 802 1042 et
823 999 916 1042 cassa
937 983 1110 1064 parantem

94 1064 241 1152 Suffugia
264 1067 298 1131 in
321 1071 449 1132 coetum
473 1065 597 1130 mediae
620 1069 747 1130 traxere
771 1069 928 1132 cateruae.
1076 1085 1110 1135 66
1214 1140 1215 1152 ¹

93 1154 237 1241 Eligitur
261 1159 385 1220 maesto
409 1159 534 1238 myrtus
556 1153 732 1218 notissima
754 1154 841 1237 luco,

94 1242 264 1309 Inuidiosa
286 1244 380 1309 deum
403 1243 528 1327 poenis.
564 1243 766 1307 cruciauerat
788 1243 857 1308 illic

94 1329 213 1416 Spreta
235 1331 314 1397 olim
337 1353 513 1396 memorem
535 1330 672 1395 Veneris
697 1331 892 1416 Proserpina
915 1332 1056 1399 Adonin.

92 1420 199 1486 Huius
223 1421 258 1485 in
281 1420 408 1486 excelso
432 1441 626 1505 suspensum
649 1419 761 1503 stipite
784 1420 939 1485 Amorem

93 1508 288 1574 Deuinctum
311 1513 387 1594 post
409 1513 504 1594 terga
527 1530 642 1573 manus
665 1508 905 1593 substrictaque
927 1510 1051 1594 plantis
1075 1528 1109 1577 60
1214 1510 1215 1524 ’

93 1596 234 1662 Vincula
257 1601 456 1664 maerentem
479 1598 571 1663 nullo
595 1596 815 1663 moderamine
838 1618 961 1682 poenae

93 1685 265 1752 Adliciunt.
302 1709 377 1752 reus
400 1687 542 1751 estsine
566 1685 714 1767 crimine,
738 1685 842 1752 iudice
864 1687 955 1752 nullo

93 1774 275 1841 Accusatur
298 1775 409 1841 Amor.
446 1774 639 1859 aequisque
663 1774 833 1840 absoluere
856 1776 970 1860 gestit,

93 1863 283 1929 '1¹ransferat
306 1868 343 1929 ut
364 1864 513 1949 proprias
537 1863 645 1928 aliena
667 1862 702 1926 in
724 1863 862 1929 crimina
884 1864 1007 1949 culpas.

93 1950 238 2018 Cunctae
262 1953 495 2036 exprobrantes
518 1952 650 2018 tolerati
672 1951 816 2037 insignia
837 1952 895 2018 leti
1073 1970 1107 2018 66

93 2039 293 2124 Expediunt:
316 2041 398 2106 haec
422 2063 513 2105 arma
535 2043 668 2125 putant,
691 2038 772 2105 hacc
794 2041 876 2106 ultio
900 2041 1018 2124 dulcis,

93 2127 153 2212 Vt,
176 2151 239 2213 quo
263 2151 408 2213 quaeque
432 2129 530 2214 perit,
553 2129 683 2193 studeat
705 2130 820 2213 punire
843 2128 995 2195 dolorem.

92 2215 183 2283 Haec
206 2217 358 2301 laqueum
381 2222 485 2300 tenet,
507 2216 588 2283 haec
611 2217 751 2302 speciem
772 2219 934 2283 mucronis
957 2218 1089 2283 inanem

92 2306 230 2392 Ingerit,
253 2306 312 2371 illa
335 2328 433 2372 canos
456 2327 568 2372 amnes
591 2328 767 2391 rupemque
790 2306 957 2392 fragosam

92 2395 268 2480 Insanique
291 2400 413 2461 metum
435 2395 544 2482 pelagi
567 2400 601 2461 et
623 2395 693 2460 siue
716 2395 866 2460 fluctibus
890 2416 1020 2479 aequor.
1072 2411 1107 2460 70

92 2482 277 2550 Nonnullae
300 2484 449 2551 flammas
474 2484 626 2570 quatiunt
648 2483 858 2569 trepidaeque
881 2484 1050 2549 minantur

93 2571 273 2639 Stridentes
295 2575 386 2639 nullo
409 2576 485 2659 igne
507 2573 603 2638 faces.
639 2572 795 2637 rescindit
818 2571 963 2638 adultum

85 2660 228 2746 ¹Myrrha
250 2667 377 2728 uterum
401 2663 543 2728 lacrimis
566 2661 747 2726 lucentibus
771 2661 867 2746 inque
889 2665 1066 2747 pauentem

94 2749 249 2815 Gemmea
272 2752 402 2816 fletiferi
424 2751 585 2816 iaculatur
607 2749 720 2815 sucina
741 2750 857 2816 trunci

94 2837 257 2913 Quaedam
281 2839 507 2923 ignoscentum
531 2839 637 2923 specie
660 2837 800 2903 ludibria
822 2842 951 2904 tantum
1072 2853 1106 2904 75

93 2922 170 2991 Sola
194 2927 322 3008 uolunt,
345 2927 439 2991 stilus
462 2931 499 2992 ut
521 2927 628 2993 tenuis
652 2926 713 2991 sub
736 2928 885 2992 acumine
907 2928 1019 3012 puncti

163 3137 196 3188 61
211 3133 396 3204 ignoscuntT
430 3141 464 3189 52
478 3138 629 3191 nactumZ
664 3142 698 3191 64
712 3136 800 3208 facta]
814 3136 927 3192 loetaT
963 3142 997 3192 66
1012 3137 1107 3191 cetum

94 3204 121 3259 1·
137 3207 274 3260 certumt
328 3210 362 3260 66
376 3209 522 3262 moestoZ
537 3210 541 3276 Ι
558 3209 684 3277 myrthus
697 3208 722 3260 T
775 3214 809 3264 68
822 3207 952 3263 uueneris
967 3212 996 3278 (u
1010 3213 1107 3263 auten

91 3277 152 3344 det,
171 3293 184 3329 s
203 3294 237 3331 ex
255 3296 272 3331 n
290 3282 322 3332 ut
339 3278 410 3347 uid.)
430 3277 474 3345 ΤΙ
496 3279 583 3334 adoni
604 3277 630 3332 G
648 3279 734 3334 adoni
749 3278 792 3333 Tc
864 3285 898 3334 69
918 3279 1024 3349 stypite
1043 3278 1072 3332 λ’
1206 3278 1209 3299 “

92 3353 125 3402 61
145 3351 316 3404 moerentem
331 3348 376 3404 Gt
432 3355 465 3405 62
480 3349 609 3405 afficiunt
622 3350 649 3404 Ζ
665 3350 786 3420 affigunt
799 3349 958 3406 Scriuers'ue
1012 3355 1046 3404 66
1061 3364 1107 3404 66-

91 3422 204 3474 cusator
225 3419 250 3471 T
271 3423 417 3474 accusatus
438 3420 482 3476 Gt
503 3423 508 3490 Ι
533 3420 613 3490 quisq
637 3422 663 3475 T
682 3420 687 3493 Ι
712 3421 821 3476 soluere
843 3422 889 3489 Τί
914 3421 1003 3491 gessit
1020 3421 1047 3476 θ

92 3489 304 3544 tltrauferatt
320 3490 324 3560 l
340 3492 384 3562 nt]
399 3489 460 3546 &G
497 3497 531 3548 66
546 3493 604 3546 lati
618 3491 672 3547 Tu
712 3498 746 3547 66
762 3492 832 3547 haec
846 3495 898 3563 put
912 3508 991 3547 arma
1004 3493 1108 3562 putant
1198 3512 1209 3545 ,ι

92 3562 156 3628 (put
173 3562 235 3629 del.)
258 3561 283 3615 T
351 3568 384 3617 67
405 3564 449 3634 ut]
468 3562 542 3618 etG
567 3563 571 3634 Ι
597 3563 721 3619 dolorem
742 3564 769 3616 Z
794 3563 892 3619 dolore
911 3576 933 3631 ψ
951 3564 1051 3618 Barth.
1206 3600 1208 3623 ι

92 3632 261 3714 71666ρὶ66
281 3631 307 3685 Τ
321 3633 432 3716 trepido
451 3633 498 3688 Gt
570 3640 603 3690 73
623 3639 699 3704 myrt
717 3675 831 3690 .....
850 3633 974 3689 lacrimis
993 3635 1108 3718 (lucana
1205 3676 1208 3691 .

90 3704 685 3857 imni
700 3705 1107 3861 ,6666666666
1205 3704 1209 3759 ¹

90 3859 225 3911 pauorem
245 3846 271 3898 Τ
343 3853 376 3901 74
394 3845 523 3901 fleonfen
543 3847 570 3900 T
587 3848 590 3917 Ι
616 3847 775 3903 iaculantur
795 3849 843 3920 ΤΙ
868 3865 981 3903 succina
1001 3848 1058 3904 Tu

92 3920 125 3968 76
144 3915 322 3985 ignoscentes
344 3917 370 3971 T
