2430 4274
507 596 544 608 —
592 559 658 626 436
705 593 758 623 -.

165 720 348 788 concussus
372 719 467 785 dixit:
491 718 589 797 ‘Quid
610 719 672 784 tibi
696 718 830 784 diuitiae

120 808 216 876 Nunc
238 813 391 895 prosunt,
413 829 528 895 regum
550 831 607 874 rex
630 829 648 873 o
673 807 845 889 ditissime,
869 828 944 873 oum
967 808 1015 874 eis
1118 823 1131 874 o

166 896 257 964 Sicut
280 917 342 982 ego
366 898 468 981 solus,
491 920 542 962 mc
566 918 692 983 quoquc
715 896 911 980 pauperior?

120 985 207 1052 Nam
231 1007 451 1072 quaecumque
474 986 587 1070 habui,
611 1006 737 1052 mecum
760 985 842 1050 fero:
866 1006 941 1050 cum
965 984 1049 1050 nihil
1070 986 1131 1070 ipse

164 1074 217 1142 Ex
238 1075 342 1140 tantis
365 1080 488 1159 tecum,
511 1074 642 1158 Croeso,
664 1074 753 1139 ferae
777 1073 903 1157 opibus.

66 1340 168 1381 xxxvl
182 1340 309 1389 [mm]
386 1318 425 1373 IN
447 1317 693 1375 SALTATOREM
711 1316 886 1374 INEPTVM.

121 1446 296 1529 [Deceptae
320 1445 400 1509 felix
423 1467 518 1510 cesus
544 1467 578 1510 se
602 1447 733 1512 miscuit
757 1447 833 1511 erti:

165 1532 308 1618 Histrio,
331 1534 466 1599 scltouit
489 1535 545 1618 qui
568 1532 733 1619 Capaneo,
755 1535 845 1615 ruit]

120 1621 210 1688 Idem
234 1623 290 1707 qui
313 1621 443 1687 Nioben
468 1622 604 1687 salteuit
629 1644 757 1707 saxeus,
778 1627 816 1687 ut
839 1626 909 1688 tum

166 1708 337 1795 Spectator
360 1734 473 1776 ueram
496 1710 668 1776 crediderit
691 1710 834 1796 Nioben,

119 1798 159 1865 In
182 1798 307 1867 Canace
329 1800 420 1865 uisus
445 1800 547 1864 multo
570 1800 696 1866 felicior
719 1800 805 1885 ipse,

165 1887 258 1966 Quod
281 1910 347 1953 non
370 1888 424 1953 hic
447 1888 556 1973 gladio
579 1888 706 1953 uiscera
728 1888 891 1954 dissecuit.

119 2032 334 2041 --——--—-

192 2105 207 2153 7
227 2097 342 2182 Anthol.
362 2098 521 2188 Paltvssss.
538 2105 599 2166 145,
619 2105 634 2153 5
651 2117 704 2168 cqc
724 2095 866 2188 dccoyoip
886 2095 965 2188 εἷμν

278 2187 373 2223 παντα
393 2189 471 2238 pepo
491 2187 543 2224 ccv
562 2166 637 2239 ἐμοί’
657 2174 760 2239 Κροῖσε
780 2189 814 2225 συ
834 2172 851 2224 d
884 2169 971 2226 codic
991 2168 1073 2241 ἔχεις.

88 2208 95 2221 ·
190 2255 307 2310 XXXVI
326 2256 442 2312 Anthol.
458 2257 517 2314 Pel.
527 2257 565 2312 XI
575 2263 628 2312 264
642 2258 699 2313 uid.
710 2258 746 2312 ed
757 2257 861 2313 Ancon.
876 2257 966 2330 epigr.
977 2258 1070 2315 XVIII
1080 2261 1129 2325 (ob

190 2459 206 2507 V
228 2455 411 2522 quaecunque
430 2453 458 2507 A

191 2540 309 2596 XXXVI
332 2559 360 2596 u.
378 2547 395 2596 1
415 2545 439 2596 et
457 2543 478 2596 2
497 2542 617 2596 Ausonii
637 2548 703 2596 eunt
722 2542 806 2611 eptae.
826 2541 963 2610 XVIII,
986 2561 1035 2600 cu.
1055 2547 1128 2599 3-c

119 2628 180 2668 crem
197 2614 279 2668 tetulo
299 2614 357 2682 Ipse
374 2612 500 2683 Vpoletue
517 2613 656 2681 cuppieuit
713 2619 726 2665 1
747 2610 832 2667 foelix
850 2612 935 2667 V¹A¹
957 2614 1082 2671 saltabat
1094 2612 1129 2670 A*

155 2690 171 2739 3
196 2684 244 2753 qui
279 2701 318 2739 an
343 2685 428 2753 quin?
502 2689 518 2737 4
542 2685 685 2752 spectatur
709 2682 817 2739 Veorr.
837 2685 864 2738 A
895 2685 899 2754 Ι
929 2686 1044 2742 niobem
1069 2683 1128 2739 VA¹

119 2770 189 2810 corr.
210 2753 238 2808 A
325 2755 489 2810 bscelicior
507 2753 547 2808 Α1
