2430 4274
491 559 644 625 -389
693 595 731 607 —

551 732 664 786 XVIIII.

255 825 328 891 Ἠὡο
346 826 398 900 μὲν
417 825 610 897 κροκόπεπλος
628 824 681 884 ἄπ’
699 826 845 886 Ὠκεανοῖο
863 827 957 901 dedas

259 900 402 956 Oceanum
419 899 529 955 interea
546 916 662 971 surgens
680 901 789 956 Aurora
807 900 929 971 reliquit

164 1027 312 1095 Achillas
341 1027 439 1092 armis
463 1027 657 1092 caelestibus
680 1048 741 1112 opa
765 1026 904 1094 Vulcani
927 1033 961 1094 et
982 1051 1114 1096 munere

94 1119 214 1185 matria
237 1115 421 1182 instruitur.
456 1114 531 1180 dein
550 1113 750 1180 Graecorum
770 1115 969 1201 primoribus
987 1119 1023 1183 in
1040 1140 1114 1184 con·

96 1208 210 1274 cilium
241 1205 368 1271 uocatis
398 1203 599 1270 iracundiam
627 1204 687 1269 sub
715 1204 894 1271 abolitione
921 1205 1055 1290 deponit
1081 1212 1151 1274 eto

96 1295 268 1381 promissis
299 1294 340 1358 ab
363 1312 440 1378 rege
463 1293 651 1358 muneribus
674 1314 784 1359 coram
807 1294 958 1360 contione
981 1295 1115 1364 ditatur.

95 1392 169 1450 tum
197 1381 358 1449 militibus
386 1381 495 1447 cibum
519 1402 633 1465 capere
656 1381 753 1447 iussis
776 1383 846 1468 ipse
869 1383 1021 1450 abstinet
1066 1386 1112 1451 in·

96 1473 183 1538 festo
206 1470 321 1537 deinde
345 1474 443 1554 atque
460 1471 586 1535 intento
606 1471 747 1535 exercitu
766 1472 875 1558 pergIt
891 1472 927 1536 in
945 1472 1115 1559 proelium.

578 1661 637 1716 XX.

232 1752 283 1822 Ὦς
301 1755 332 1814 οἱ
348 1755 400 1828 μὲν
418 1755 497 1828 παρὰ
516 1759 599 1828 νηυσὶ
618 1760 752 1828 κορωνίσι
769 1755 961 1830 θωρήσσοντο.

240 1832 356 1899 Iamque
374 1828 444 1884 adeo
465 1829 547 1883 celsis
566 1830 669 1885 armati
689 1846 704 1884 a
723 1830 842 1886 nauibus
860 1832 942 1887 ibant

239 1901 333 1967 Milia,
351 1903 420 1968 quot
437 1900 549 1971 magnis
568 1917 701 1970 umquam
721 1916 824 1956 uenere
842 1900 974 1971 Mycenis.

164 2030 212 2095 Vt
238 2027 376 2111 integris
405 2027 575 2093 amborum
604 2027 704 2112 copiis
733 2029 819 2093 inter
846 2033 1000 2113 utrosque
1028 2050 1115 2095 exer·

95 2122 182 2186 citus
204 2137 316 2203 pugna
338 2117 528 2181 conseritur.
560 2115 635 2180 dein
657 2117 819 2202 permissu
838 2116 926 2183 Iouis
948 2118 984 2182 In
1002 2121 1148 2203 partest

97 2210 231 2274 deorum
259 2204 368 2270 studia
394 2204 598 2288 diuiduntur,
630 2227 703 2270 oum
731 2227 789 2291 pro
817 2204 949 2271 Graecis
971 2205 1053 2272 Iuno
1081 2211 1114 2272 et

96 2297 246 2363 Minerua
273 2293 473 2358 discederent
500 2314 605 2378 neque
633 2294 764 2379 segnius
797 2315 853 2360 eos
880 2293 1054 2380 Neptunus
1083 2301 1115 2361 et

97 2383 278 2451 Mercurius
312 2385 345 2447 et
373 2380 539 2447 Vulcanus
573 2381 773 2460 adsererent,
805 2382 963 2449 Troianos
991 2383 1114 2467 Apollo

97 2496 171 2541 cum
189 2471 318 2539 Venere
341 2473 375 2534 et
392 2468 501 2535 Diana
523 2492 596 2535 cum
620 2475 733 2549 matre,
757 2468 846 2535 Mars
870 2471 970 2536 etiam
988 2476 1114 2537 etcum

96 2585 135 2629 eo
155 2557 352 2628 Scamander
374 2558 575 2625 adiuuarent.
611 2561 683 2624 tum
701 2561 735 2624 et
753 2559 897 2624 Aeneam
916 2558 966 2624 dis
985 2563 1019 2624 et
1037 2559 1114 2625 uiri-
1133 2576 1168 2626 10

96 2653 158 2716 bus
186 2647 308 2734 iniquis
338 2669 412 2713 oum
434 2646 562 2712 Achille
590 2667 801 2731 congressum
826 2669 1023 2732 quamquam
1046 2651 1114 2714 atu·

95 2740 177 2805 dens
201 2736 334 2803 Graecis
357 2737 443 2802 nube
466 2736 700 2803 circumdatum
724 2734 895 2821 Neptunus
919 2736 1046 2822 eripuit.

169 2877 275 2932 XVIlII
293 2882 309 2931 2
330 2874 434 2945 Vergit
454 2878 478 2931 A
497 2875 549 2930 1111
570 2880 620 2930 129
648 2873 688 2929 XI
708 2882 732 2930 1.

168 2947 220 3002 XX
238 2954 254 3003 8
272 2946 378 3016 Vergil.
398 2949 423 3000 A
441 2944 467 3001 ll
483 2952 533 3001 8³1
554 2946 633 3001 milia
651 2950 721 3016 quot
739 2977 775 2988 -
793 2944 925 3014 Mycenis.

171 3025 204 3075 10
231 3016 338 3090 Vergil.
358 3019 383 3070 A
401 3017 426 3071 V
445 3022 498 3072 809
525 3017 641 3073 Pelidae
668 3021 734 3072 tunc
763 3033 816 3088 ego
839 3016 906 3073 lorti
935 3034 985 3073 con
1052 3034 1114 3073 sum

96 3091 212 3145 Aenean
235 3105 287 3144 nec
311 3084 354 3142 dis
375 3103 427 3144 nec
444 3086 552 3142 uiribus
571 3087 668 3157 acquic
685 3089 760 3144 nube
779 3104 850 3144 cana
867 3088 956 3158 rapui.
975 3105 1009 3144 c.
1028 3088 1042 3142 1
1062 3093 1112 3144 14⁶

95 3162 179 3231 inpar
197 3174 362 3230 congressus
380 3158 494 3213 Achilli.

168 3283 274 3339 XVIIII
294 3288 308 3336 1
324 3276 376 3337 ἄπ’
389 3276 458 3353 tta]
475 3279 763 3351 aucokelaaomsoawn
773 3282 801 3335 P
842 3281 1001 3354 tmunere]
1012 3281 1112 3337 miner-

95 3371 151 3480 οκξ
164 3352 358 3496 ζοῃηξῃοὲν]
379 3369 458 3407 snam
478 3353 638 3408 &mim
693 3357 708 3406 6
728 3352 839 3407 dicatur
852 3352 881 3405 P
933 3358 948 3407 '1
968 3352 1072 3408 infesta
1086 3353 1115 3406 P

167 3529 219 3584 XX
238 3535 253 3584 1
272 3547 309 3585 ω(
323 3546 405 3584 omes
418 3545 501 3585 sacar
514 3547 588 3600 napa
602 3529 883 3600 xomrntlcoraconno
893 3528 922 3584 P
970 3534 986 3583 Ξ
1005 3506 1112 3584 maai

94 3613 472 3692 „attentarant
487 3634 599 3706 (amaa
614 3636 752 3706 roomo)
788 3634 1001 3706 aquaram.
1021 3635 1109 3706 ‹nPI

94 3708 168 3763 ncne
186 3706 214 3761 P
248 3706 392 3776 moecynis
411 3707 440 3761 P
495 3706 570 3760 th
588 3707 626 3760 Ρ·
649 3706 689 3761 At
709 3704 835 3777 Vpoletrrs
897 3706 1069 3776 tpermissa
1087 3704 1116 3760 P

132 3707 233 3849 tprol
289 3776 328 3830 P·
383 3776 537 3833 ‘Ideesddt
557 3777 585 3830 P
601 3776 777 3846 mamper
840 3777 1032 3833 8asserarent
1050 3774 1079 3828 P

94 3848 226 3917 vdyanc
244 3793 294 3918 At
320 3847 408 3918 Mars]
428 3864 488 3902 mas
508 3847 537 3900 P
608 3853 641 3902 10
659 3850 720 3903 tum
739 3852 769 3903 et
787 3849 825 3902 P·
843 3849 873 3903 et
890 3863 942 3904 orn.
959 3847 1085 3916 Vpolctua
1106 3846 1110 3916 Ι

94 3920 151 3991 dis]
172 3915 220 3974 dil
240 3920 268 3973 P
342 3924 374 3974 12
393 3919 587 3974 circundatum
608 3920 636 3973 P
