2430 4274
136 334 142 355 1

468 531 684 597 -67..

203 686 275 743 XXI.
309 685 458 743 CRISPVS
476 686 525 742 ET
543 684 699 741 VRBICVS
718 684 952 742 Guarfflfflcr

401 765 527 821 LATINI
545 765 593 820 ΕΤ
611 764 753 821 GRAECI.

204 866 252 931 lh
276 888 403 951 quoque
425 867 460 930 in
483 888 612 950 aeuum,
637 864 765 950 Crispe,
786 867 932 934 futurum

201 954 321 1020 Maesti
344 954 455 1019 uenies
480 958 750 1022 commemoratus

348 1043 482 1108 Munere
504 1043 622 1108 threni.

203 1167 265 1244 Qui
287 1168 472 1252 primaeuos
495 1166 649 1251 fandique
672 1166 768 1232 rudes

201 1256 448 1322 Elementorum
470 1256 577 1340 prima
600 1254 738 1321 docebas

349 1343 449 1430 Signa
471 1365 645 1409 nouorum:

201 1467 351 1535 Creditus
375 1468 453 1533 olim
477 1467 599 1532 feruere
622 1489 726 1552 mero,

200 1557 247 1624 Vt
268 1556 409 1642 Vergilii
431 1555 604 1641 Flacoique
627 1557 708 1621 iocis

348 1644 487 1709 Aemula
508 1644 619 1710 ferres.

200 1767 246 1833 Et
268 1769 328 1833 tibi
351 1767 456 1833 Latiis
479 1768 666 1853 posthabite
690 1767 789 1847 orsis,
1047 1783 1082 1835 10

200 1856 334 1941 Vrbioe,
358 1856 454 1922 Grais
478 1857 629 1940 celebris,
652 1878 781 1921 carmen

347 1943 401 2011 Sic
424 1945 586 2011 ἐλελείσσι.

200 2067 288 2133 Nam
310 2073 346 2134 tu
371 2066 488 2153 Crispo
512 2068 682 2134 coniuncte
705 2074 763 2135 tuo

199 2157 304 2223 Prosa
327 2158 455 2223 solebas
480 2161 513 2222 et
535 2179 630 2223 uersa
652 2159 742 2242 loqui

346 2246 470 2330 Impete
494 2246 620 2330 eodem,

199 2369 328 2435 Priscos
352 2374 389 2434 ut
412 2369 529 2451 (mox)
553 2370 670 2435 heroas
695 2370 773 2435 olim

200 2456 351 2524 Carmine
374 2455 509 2523 Homeri
534 2461 803 2523 commemoratos

345 2546 459 2613 Fando
482 2547 633 2611 referres:

197 2669 333 2736 Duleem
356 2672 393 2735 in
414 2671 525 2754 paneis
549 2674 586 2735 ut
607 2669 848 2754 Plistheniden,
1015 2752 1023 2762 .

198 2759 244 2825 Et
266 2759 422 2825 torrentis
446 2780 504 2824 eeu
527 2758 671 2824 Dulichii
1045 2772 1080 2822 20

345 2847 511 2933 Ninguida
534 2847 633 2932 dieta,

136 2985 452 3041 19-24H0m.11.111
473 2992 538 3040 214:
566 2986 664 3055 παῦρα
687 2983 752 3055 μὲν,
780 2980 850 3039 ἀλλὰ
875 2980 950 3055 μάλα
973 2985 1081 3054 λιγέως,

61 3063 128 3112 222:
153 3055 225 3111 ἔπέσι
247 3053 417 3126 νιφάδεσσιν
441 3051 555 3111 ἐοικότα
573 3057 760 3128 χειμερίῃσιν,
779 3055 792 3110 Ι
810 3061 863 3110 248
878 3073 932 3124 sq.:
955 3062 1028 3110 τοῖσι
1046 3053 1079 3111 di

60 3126 183 3196 Νέστωρ
206 3124 335 3197 ἡδυεπὴς
356 3123 509 3197 ἀνόρουσε,
532 3125 612 3218 λιγὺς
634 3129 749 3182 Πυλίων
771 3122 924 3196 ἀγορητὴς,
952 3128 1003 3181 τοῦ
1032 3125 1080 3180 καλ

60 3193 121 3253 ἀπὸ
142 3194 269 3268 γλώσσης
287 3196 397 3268 μέλιτος
415 3201 536 3267 γλυκίων
556 3196 621 3268 ρεέυ
639 3193 723 3267 αὐδή.

132 3320 200 3377 XXI
224 3321 377 3378 Grammat.
399 3321 439 3376 V*
468 3325 472 3390 Ι
500 3323 596 3376 territes
624 3323 754 3391 cariorque
776 3321 903 3389 strophae
924 3322 1079 3377 turriculae

56 3395 144 3451 alteri
162 3392 337 3450 adeoasV*
396 3393 533 3448 2moesti
547 3392 586 3446 V*
640 3391 783 3462 avirgilii
797 3389 834 3445 V‘
849 3395 854 3458 Ι
869 3389 940 3447 loeis
956 3391 998 3446 Vll
1011 3392 1080 3447 ioois

57 3466 198 3522 Heinsius
271 3472 302 3519 11
318 3481 356 3535 aq.
377 3481 490 3519 carmen
514 3464 554 3518 sio
574 3460 685 3518 ἐλιλίσω
705 3463 868 3534 Scoliqess,
883 3467 918 3517 14
937 3463 1079 3519 camoenis

57 3532 193 3606 λλενελσω
206 3534 245 3589 V‘
264 3552 376 3590 carmen
394 3552 468 3590 nunc
485 3533 500 3589 ἒ
520 3530 579 3604 λέγ’
600 3530 659 3609 ᾅσω
674 3534 787 3590 Schenkl
843 3533 1019 3602 latiamque
1040 3534 1079 3588 V*

56 3625 115 3678 qne
134 3607 180 3662 del
197 3605 275 3661 Sroli
292 3624 321 3661 er
339 3614 365 3673 1,
384 3611 420 3661 14
507 3612 540 3660 14
563 3622 662 3675 prorsa
680 3606 820 3660 Rslmorm
836 3608 840 3673 Ι
856 3621 938 3660 uersa
956 3606 1080 3675 Scalioer

57 3685 84 3747 1,
100 3683 138 3734 14
155 3694 241 3733 uorsa
280 3679 374 3732 cheorl
391 3679 502 3748 (Appal.
522 3677 600 3731 λλον.
611 3683 648 3732 18
682 3682 735 3732 ‚91
751 3676 989 3743 OredJuersuV*
1046 3681 1079 3730 1o

58 3753 91 3806 nt
108 3765 178 3804 mox
197 3750 253 3818 (uel
270 3747 364 3818 simul)
385 3750 485 3815 Peiper
503 3751 535 3803 ut
552 3750 603 3803 tris
621 3748 657 3803 Se
727 3749 787 3803 lut
805 3750 834 3801 et
856 3747 970 3802 Vinctus
988 3750 1017 3801 et
1040 3746 1080 3799 V*

95 3826 131 3876 11
151 3837 215 3875 cnm
235 3822 405 3875 memoratos
429 3819 467 3873 V*
486 3835 555 3877 σοιν.
575 3819 796 3889 Sealioer1,14
881 3824 914 3874 19
934 3818 963 3872 in
981 3817 1080 3887 paucis

62 3890 103 3945 V*
121 3892 153 3948 in
171 3892 223 3947 del.
243 3891 379 3947 Heinsiua
450 3896 485 3945 20
503 3890 617 3946 Duliohi
638 3889 680 3944 V·
697 3906 765 3946 corr.
785 3889 907 3960 Scoliyer
925 3894 951 3954 1,
969 3892 1005 3942 14

880 3975 916 4032 ὃ*
