2430 4274
492 559 734 627 -335—

102 720 161 788 ‘at
182 720 356 787 masculini
379 722 413 785 et
434 719 584 785 feminini
607 718 732 805 gignite

149 809 349 894 Generisque
371 808 480 873 neutri
503 805 610 873 filies?

57 1005 115 1045 ,ΧΠ
129 1005 178 1054 [see
191 1004 253 1053 spu
267 1003 362 1053 mm]

190 1071 239 1127 Da
259 1070 420 1127 suavem
438 1068 635 1127 musivus
652 1069 779 1144 MORTE
798 1069 1029 1127 PRAEVENTO.

103 1199 207 1265 Laete
229 1199 280 1265 bis
304 1203 421 1265 octono
443 1199 505 1264 tibi
528 1199 593 1264 iam
617 1199 677 1264 snb
701 1199 834 1264 consule
856 1200 959 1284 pubes

148 1285 312 1374 Cingebet
335 1291 474 1371 teneras,
499 1286 636 1353 Glaucia
654 1287 772 1370 adulte,
795 1307 905 1371 genes.

101 1377 148 1443 Et
171 1378 237 1442 iam
260 1376 401 1442 desieras
425 1398 506 1462 puer
529 1397 612 1441 anne
635 1376 743 1460 puelle
766 1376 883 1441 uideri:

149 1462 231 1531 Cum
254 1469 430 1551 properata
452 1465 521 1530 dies
546 1465 684 1530 abstulit
706 1486 801 1531 omne
825 1465 930 1531 decus.

102 1553 166 1619 Sed
190 1575 292 1639 neque
316 1554 501 1621 iunctorum
525 1553 630 1619 soeius
653 1553 830 1619 miscebere
853 1554 953 1640 uulgo
1102 1569 1119 1619 u

147 1641 217 1708 Nee
240 1647 367 1708 metues
392 1640 527 1727 Stygios
550 1641 667 1707 flebilis
690 1641 806 1707 umbra
827 1641 932 1725 laeua,

103 1730 227 1797 Verum
250 1736 307 1797 aut
330 1731 558 1816 Persephonae
581 1729 752 1816 Cinyreius
775 1729 838 1796 ibis
863 1729 1001 1816 Adonis,

147 1821 216 1885 Aut
238 1818 328 1887 lonis
350 1819 455 1905 Elysii
478 1824 516 1884 tu
539 1817 720 1886 Catamitus
744 1819 817 1884 eris.

57 2013 130 2054 ‚xm
144 2013 193 2064 [ub
207 2013 270 2063 apis.
282 2013 375 2063 xxvm]

304 2083 343 2138 IN
362 2082 503 2138 SIGNVM
522 2081 760 2139 Msamounvm
778 2080 917 2138 NIOBES.

102 2208 278 2275 Viuebam:
301 2232 373 2275 sum
396 2209 484 2276 faeta
507 2210 600 2291 silex,
624 2231 706 2295 quae
730 2210 845 2275 deinde
868 2210 972 2295 polita

148 2298 302 2364 Praxiteli
326 2300 476 2366 manibus
500 2299 576 2364 uiuo
599 2299 717 2364 iterum
740 2297 857 2365 Niobe.

101 2386 257 2453 Reddidit
280 2388 416 2454 artificis
440 2410 556 2452 manus
580 2389 703 2471 omnia,
728 2387 783 2452 sed
808 2386 877 2452 sine
900 2408 1005 2453 sensu.

148 2475 244 2542 Hune
267 2498 343 2562 ego,
366 2498 439 2542 enm
463 2476 543 2542 laesi
566 2476 715 2560 numina,
737 2495 804 2540 nen
826 2475 936 2540 habui.

102 2668 193 2724 LXIII
218 2670 332 2726 Antbol.
351 2668 416 2724 XVI
437 2675 496 2724 129.

556 2757 666 2794 aanaou

456 2808 497 2874 εἰς
515 2806 629 2881 ἄγαλμα
648 2805 767 2881 Νιόβης.

226 2894 275 2954 Ἐκ
295 2901 349 2986 ζοιῆ
352 2919 416 2970 cna
436 2897 503 2954 θεολ
522 2899 624 2965 τεῦξαν
643 2900 740 2954 λίθον·
761 2893 793 2953 Is
812 2895 844 2953 dt
864 2899 958 2952 λίθοιο

265 2921 349 3040 {edun
359 2968 533 3039 Πραξιτέλης
552 2968 673 3041 ἔμπαλιν
692 2966 851 3040 εἰργάσατο.

175 3148 325 3205 ufoemini
346 3147 373 3204 G

173 3236 278 3292 LXII
265 3253 348 3294 anser.
369 3237 463 3295 Gom.
484 3237 552 3291 ΤΜ
587 3235 701 3292 Glautis
715 3236 742 3291 G
780 3234 957 3291 loetsnoT
1025 3235 1120 3306 agla·

101 3309 147 3365 eia
167 3309 193 3363 T
233 3309 323 3365 lautia
343 3308 370 3364 G
442 3309 522 3364 bnol
526 3325 561 3379 gu
583 3308 619 3362 Μ
625 3306 652 3362 G
723 3309 910 3390 dmetnensl
936 3303 1037 3376 stigioe
1057 3305 1116 3369 M!

99 3379 179 3436 unda
286 3379 465 3436 scinereius
483 3380 538 3435 ibis
555 3378 582 3433 G
599 3382 680 3444 (corr.
700 3377 836 3446 Sceuae)
855 3377 943 3433 uinire
961 3377 1064 3448 (sinete
1085 3376 1120 3447 Τ)

100 3451 211 3508 nisibus
233 3451 299 3506 TM
368 3458 383 3507 8
403 3451 497 3506 heheu
519 3451 561 3520 ΤΙ
578 3448 748 3506 eatbemiIus
769 3446 796 3503 G

175 3540 298 3595 LXIII
287 3557 369 3596 ιιιοον.
391 3539 470 3596 Gt
441 3543 470 3596 et
493 3557 527 3595 ex
550 3557 583 3596 ee
601 3554 780 3610 repercussus
799 3538 863 3593 add.
883 3537 921 3592 M
935 3553 985 3594 om
1006 3536 1032 3592 T
1104 3544 1117 3590 1

99 3627 159 3683 qna
178 3613 217 3666 M
287 3610 457 3683 apraxiteli
476 3611 514 3666 M
