2430 4274
408 1385 722 1459 PRAEFATIO.

146 1539 259 1605 Rufius
282 1539 397 1605 Festus
421 1542 576 1625 Auienus,
597 1543 626 1606 is
649 1543 705 1627 qui
728 1541 958 1610 Phaenomena
979 1543 1075 1610 Arati

56 1630 92 1694 in
110 1628 265 1695 Latinum
283 1630 451 1712 conuertit,
474 1630 603 1694 uidetur
621 1631 705 1695 idem
726 1653 806 1714 csse,
830 1633 885 1717 qui
907 1632 986 1697 fecit
1009 1634 1074 1717 epi·

56 1739 204 1804 gramma
223 1718 261 1782 de
281 1739 314 1782 se
329 1717 369 1782 ad
385 1718 477 1782 deam
491 1716 685 1804 Nortiam.*)
717 1720 745 1783 is
760 1741 833 1784 oum
847 1741 943 1785 uersu
958 1721 1073 1805 quinto

56 1807 145 1872 illius
165 1806 408 1891 epigrammatis
427 1806 466 1871 de
480 1807 591 1871 multis
605 1808 803 1872 carminibus
818 1809 885 1873 suis
899 1808 1073 1893 praedicet,

57 1895 204 1961 diuersus
227 1917 296 1960 esse
319 1895 375 1959 uix
397 1899 508 1979 potest
531 1895 571 1959 ab
596 1917 642 1980 eo,
666 1896 722 1980 qui
746 1918 817 1961 oum
841 1897 907 1962 alia
929 1897 1075 1963 earmina

57 1984 184 2049 minora
207 2005 278 2048 com
304 1984 391 2048 osuit
414 1981 468 2069 (cf.
490 1983 691 2049 Wernsdorf.
712 1988 798 2069 poet.
815 1983 887 2052 Lat
906 1985 984 2051 min.
1006 1983 1034 2051 V
1052 1985 1073 2050 3

56 2096 87 2158 p.
113 2073 197 2138 1296
213 2006 307 2158 sqql,
334 2079 404 2136 tum
433 2077 465 2136 et
488 2073 582 2138 Arati
605 2073 834 2139 Phaenomeua
862 2078 894 2139 et
921 2073 1076 2159 Dionysii

56 2159 243 2248 Periegesin
264 2160 381 2225 Latine
408 2161 548 2225 reddidit
571 2166 604 2226 et
628 2163 666 2228 de
691 2185 748 2228 ore
771 2163 936 2228 maritima
959 2185 1073 2229 uersus

56 2251 131 2335 plus
159 2272 225 2316 uno
253 2250 337 2315 libro
366 2251 552 2334 complexus
576 2255 639 2334 est,
668 2251 806 2336 deniquo
829 2256 936 2317 totum
958 2250 1074 2336 Vergi-

56 2340 146 2424 lium,
168 2344 205 2405 ut
228 2339 276 2403 ait
295 2337 425 2403 Seruius
448 2340 489 2404 ad
508 2339 588 2404 Aen
607 2338 637 2403 X
656 2340 731 2423 388,
754 2343 787 2404 et
805 2338 934 2404 Liuium
957 2339 1074 2405 iambis

58 2429 190 2512 scripsit
218 2426 272 2513 (cf.
295 2425 499 2493 Wernsdorf.
527 2428 640 2493 eodem
667 2428 750 2493 libro
778 2426 826 2492 IV
850 2428 871 2493 2
898 2450 929 2511 p.
953 2426 1018 2493 553
1043 2425 1074 2490 V

56 2518 132 2601 2p.
156 2515 245 2603 652).
291 2515 435 2581 eiusdem
463 2516 605 2581 hominis
633 2537 826 2601 cognomen,
855 2516 916 2580 etsi
943 2516 980 2580 in
1007 2515 1073 2600 epi·

57 2607 249 2692 grammatis
277 2605 488 2688 inscriptione
516 2605 619 2688 deest,
646 2605 681 2669 iu
708 2605 766 2668 illo
794 2606 866 2690 ipso
894 2626 961 2670 non
989 2603 1075 2669 desi·

129 2831 156 2900 *)
175 2831 204 2886 0.
223 2831 244 2886 1.
264 2833 295 2886 u.
314 2830 353 2884 vl
371 2831 402 2885 P.
423 2832 435 2885 1
455 2851 480 2887 n.
501 2837 552 2886 sar
570 2850 598 2901 p.
620 2837 684 2886 1032

70 2902 90 2957 1.
109 2901 228 2971 lt(ufius)
243 2902 341 2957 Festus
360 2903 424 2971 vlit)
445 2901 638 2970 dissuasus)
657 2903 692 2957 de
711 2918 741 2956 se
760 2901 797 2957 ad
811 2901 894 2958 deam
910 2899 1073 2973 Norti[am].

129 2973 241 3042 Festus,
259 2971 370 3029 Musoni
390 2973 502 3029 suboles
520 2974 667 3044 prolesque
686 2972 802 3041 Avieni,

129 3044 203 3100 unde
220 3043 264 3099 tui
282 3044 381 3099 latices
400 3045 560 3113 traxerunt,
579 3043 691 3114 Caesia,
710 3061 824 3110 nomeu,

128 3114 241 3183 Nortia,
260 3117 289 3169 te
307 3131 438 3183 veneror,
456 3113 521 3170 Lari
542 3118 632 3170 cretus
651 3114 836 3183 Vulsiniensi‚

128 3185 250 3242 Boium
267 3185 412 3252 habitans,
431 3184 544 3255 gemino
562 3185 736 3257 proconsulis
755 3187 854 3240 suetus
871 3184 1016 3255 honor[e]‚

92 3264 109 3313 5
129 3257 254 3312 earmina
271 3255 363 3311 multa
381 3272 488 3324 sersus,
506 3255 595 3310 ritem
612 3256 722 3325 insons,
740 3255 851 3324 integer
870 3255 1006 3324 aev(u)m‚

129 3327 260 3398 coniugio
277 3327 370 3383 laetus
386 3327 519 3382 Placidae
538 3343 710 3396 numeroque
729 3323 870 3408 frequenti

127 3401 260 3454 ustorum
279 3398 415 3453 exultans.
451 3397 536 3453 vivax
554 3398 592 3452 sit
609 3396 723 3467 spiritus
743 3396 820 3451 ollis!

129 3471 224 3526 cetera
241 3469 400 3539 composita
417 3469 540 3524 latorum
559 3469 623 3538 lege
641 3469 796 3524 trahentur.

54 3540 88 3596 Π,
109 3542 210 3597 sancto
227 3540 302 3610 patri
320 3539 396 3594 illius
413 3539 553 3595 Placidus.

128 3612 187 3667 Ibis
204 3612 234 3667 in
253 3613 364 3682 optatas
384 3611 476 3666 sedes:
495 3627 561 3666 nam
580 3609 707 3680 Iuppiter
726 3608 854 3664 aethram

164 3681 278 3752 pandit,
295 3681 391 3750 Peste,
409 3681 474 3748 tibi,
494 3680 629 3736 madidus
647 3683 679 3735 ut
697 3680 803 3736 venias.

130 3755 263 3823 iamq(ue)
281 3752 369 3808 venis.
406 3751 500 3808 tendit
517 3754 628 3808 dextras
646 3752 747 3807 chorus
766 3750 831 3807 iude
850 3750 966 3806 deorum

165 3828 195 3880 et
212 3827 274 3879 toto
293 3824 347 3879 tibi
364 3823 422 3879 iam
441 3823 585 3893 plauditur
603 3840 667 3878 ecee
685 3822 761 3894 polo.
