2430 4274
544 541 788 606 -414-

161 701 284 786 Teque,
308 700 599 785 quibus-princeps
623 702 656 764 et
677 698 909 764 facundissima
932 699 1049 785 calles,
1144 715 1170 765 11

160 789 356 876 Adgrediar:
379 789 528 873 precibus
552 787 708 854 descende
732 788 859 853 clientis
883 790 917 853 et
940 789 1027 854 audi.

205 913 267 978 Dic
289 912 384 992 mihi,
407 911 567 997 Calliope,
594 910 670 996 quid
693 912 759 976 iam
782 915 877 996 pater
897 911 953 978 ille
977 911 1113 979 deorum

161 999 316 1087 Cogitat?
340 1023 381 1066 an
404 1007 509 1067 terras
533 1004 566 1065 et
587 1000 696 1084 patria
718 1001 847 1066 saecula
869 1005 978 1067 mutat

162 1089 315 1175 Quasque
340 1089 428 1155 dedit
451 1089 613 1174 quondam
636 1089 854 1155 marcentibus
878 1089 978 1174 eripit
1001 1088 1115 1156 artes?

161 1177 296 1264 Nosque
319 1179 409 1243 iubet
431 1179 549 1242 tacitos
574 1181 607 1242 et
629 1178 694 1242 iam
716 1178 854 1243 rationis
878 1183 1028 1264 egentes,
1139 1191 1163 1241 11

160 1266 237 1333 Non
260 1267 370 1351 aliter,
392 1267 498 1351 primo
522 1289 619 1351 quam
642 1288 715 1332 cum
739 1267 936 1332 surreximus
960 1289 1058 1352 aruo,

162 1354 344 1421 Glandibus
367 1358 400 1419 et
421 1376 522 1438 purae
546 1377 658 1419 rursus
681 1356 892 1439 procumbere
915 1355 1094 1441 lymphae?

162 1443 215 1508 An
238 1443 381 1527 reliquas
404 1448 509 1508 terras
533 1447 706 1509 conseruat
731 1443 853 1509 amicus
877 1448 911 1509 et
934 1446 1046 1528 urbes,

163 1530 226 1597 Sed
250 1553 352 1617 genus
375 1532 558 1597 Ausonium
582 1531 758 1616 Rutulique
782 1533 923 1615 extirpet
946 1534 1119 1600 alumnos?

162 1619 269 1696 Quid?
294 1623 480 1704 reputemus
495 1621 596 1684 enim:
616 1620 679 1685 duo
694 1625 779 1703 sunt,
799 1621 915 1706 quibus
930 1623 1051 1686 extulit
1064 1624 1165 1710 ingens

162 1708 268 1774 Roma
291 1713 402 1793 caput,
425 1710 530 1774 uirtus
555 1709 631 1773 belli
655 1712 687 1773 et
711 1710 872 1794 sapientia
895 1710 995 1794 pacis.
1139 1725 1164 1775 u

163 1795 226 1863 Sed
247 1798 367 1880 uirtus,
391 1798 516 1883 agitata
539 1797 625 1862 domi
649 1801 682 1863 et
704 1798 879 1863 socialibus
902 1799 1019 1883 armis,

163 1885 202 1951 In
225 1885 310 1951 freta
333 1883 480 1951 Sicaniae
503 1892 536 1951 et
560 1883 770 1971 Carthaginis
793 1888 902 1952 exulat
926 1908 1018 1952 arces

163 1973 340 2058 (lateraque
363 1974 501 2058 imperia
524 1979 557 2038 et
579 1979 685 2040 totum
709 1976 806 2040 simul
829 1975 966 2040 abstulit
989 1977 1113 2043 orbem.

161 2060 301 2145 Deinde,
324 2063 415 2127 uelut
439 2063 545 2128 stadio
569 2064 674 2129 uictor
697 2065 753 2147 qui
777 2064 865 2129 solus
888 2062 1022 2130 Achaeo
1141 2079 1167 2130 at

162 2149 314 2235 Languet
336 2155 369 2215 et
391 2151 528 2216 immota
550 2153 671 2216 sensim
693 2153 816 2217 uirtute
838 2151 977 2239 fatiscit,

163 2236 215 2303 Sic
238 2238 350 2303 itidem
373 2238 523 2305 Romana
545 2262 675 2324 manus,
698 2241 890 2306 contendere
914 2248 1091 2326 postquam

163 2326 301 2394 Destitit
324 2332 357 2393 et
379 2330 493 2412 pacein
516 2329 623 2413 longis
647 2329 789 2394 frenauit
814 2329 964 2394 habenis:

162 2414 239 2499 Ipsa
262 2416 350 2484 domi
373 2417 462 2501 leges
485 2422 519 2481 et
541 2416 642 2482 Graia
666 2418 799 2484 inuenta
821 2424 1018 2498 retrectans,

163 2503 282 2570 Omnia
305 2506 466 2571 bellorum
489 2509 577 2571 terra
600 2508 748 2591 quaesita
771 2507 917 2591 marique
1143 2523 1171 2572 au

162 2592 311 2659 Praemia
334 2595 469 2660 consilio
493 2599 526 2660 et
548 2594 640 2660 molli
663 2597 790 2661 ratione
813 2596 962 2680 regebat3

162 2679 278 2748 Stabat
297 2684 332 2747 in
349 2683 401 2748 his
426 2680 542 2769 (neque
562 2684 647 2747 enim
667 2688 796 2767 poterat
815 2688 965 2749 constare
985 2685 1057 2750 sine
1076 2682 1172 2770 istis):

161 2769 254 2835 Haut
275 2771 399 2836 frustra
423 2772 547 2836 auctori
571 2771 770 2857 mendaxque
794 2772 960 2854 Diespiter
985 2773 1082 2856 olim,

162 2856 349 2941 ‘Imperium
373 2860 443 2925 sine
466 2862 530 2924 fine
554 2859 638 2925 dedi'
662 2861 782 2929 dixisse
805 2862 971 2944 probatur.

232 3002 268 3050 ae
286 2965 391 3066 verger.
410 2997 442 3052 a,
462 2997 474 3050 1
493 3004 545 3053 ara

161 3088 373 3097 —Q—

234 3126 267 3174 10
286 3121 327 3192 et]
348 3139 364 3176 o
385 3120 486 3176 OJabn
541 3129 572 3176 11
593 3122 742 3192 aggredior
758 3143 780 3176 ω
837 3127 869 3176 13
888 3122 946 3176 iam
962 3122 1065 3192 Peipcr
1083 3123 1177 3180 nonP

160 3207 226 3244 nam
249 3190 275 3245 V
298 3209 372 3246 nuuc
391 3193 534 3248 Baehrens
607 3199 639 3247 13
659 3194 700 3264 et]
720 3194 748 3247 in
769 3194 901 3248 Heinsius
929 3193 965 3247 ad
986 3195 1130 3250 Bucam

162 3269 196 3316 14
215 3264 403 3319 marcentibus
424 3265 527 3331 Teuffel
539 3264 640 3333 Peiper
659 3266 841 3320 morientibus
860 3284 881 3317 n
947 3269 980 3318 13
1000 3265 1107 3321 tacitas
1125 3265 1172 3329 ΡΙ

160 3333 247 3388 etiam
266 3354 287 3388 ω
317 3337 322 3404 Ι
351 3351 455 3404 egenos
479 3335 506 3390 V
570 3341 634 3404 post
651 3353 680 3389 u.
700 3342 733 3390 15
752 3341 882 3391 secamur
899 3340 1007 3390 20-33
1026 3355 1064 3403 ω,
1087 3342 1174 3391 bm-

158 3407 251 3472 posuit
276 3406 390 3461 Vinctus
463 3411 496 3460 le
515 3407 596 3477 aruo]
616 3421 687 3460 aeuo
706 3408 850 3461 Auectius
918 3412 951 3460 1⁷
971 3422 1136 3475 procurrere
1152 3425 1173 3458 ι

159 3491 229 3529 corr.
248 3476 377 3532 Pithom
451 3483 483 3531 18
503 3479 607 3531 amicas
631 3477 658 3533 V
728 3484 761 3532 13
785 3476 898 3532 Romuli
916 3498 939 3531 ω
961 3495 1033 3533 corr.
1050 3477 1172 3547 Psipsri

160 3547 291 3600 exturbat
310 3567 330 3601 ω
351 3564 419 3602 corr.
431 3547 516 3602 Sabis.
532 3548 673 3602 Baehrens
726 3554 833 3603 30-33
851 3549 908 3603 uid.
924 3549 962 3603 od
977 3554 1012 3603 15
1067 3555 1103 3603 33
1121 3547 1172 3603 axi·

159 3616 194 3670 lit
213 3635 234 3669 ω
260 3633 329 3671 corr.
351 3618 450 3686 Perper
475 3623 479 3683 Ι
508 3623 583 3673 artes
608 3619 634 3672 V
703 3625 738 3674 24
757 3622 859 3674 cratera
877 3639 898 3673 ω
972 3625 1008 3674 33
1026 3621 1101 3674 uelit
1118 3620 1171 3673 P!

159 3686 252 3743 stadio
271 3689 312 3743 ed.
330 3688 460 3744 Toronae.
483 3690 575 3745 studio
590 3710 612 3743 ω
629 3693 633 3759 Ι
654 3690 741 3745 acheo
762 3691 790 3744 P
842 3696 877 3744 26
896 3691 1002 3745 sensim
1016 3688 1173 3745 Heinsius?

160 3758 261 3827 Pciper
277 3758 436 3814 Baehrmr'
467 3776 562 3815 secum
581 3781 602 3814 ω
635 3760 713 3816 senio
732 3762 867 3817 Heinsius
894 3761 989 3831 sagrus
1008 3761 1146 3817 Francos
1168 3768 1173 3831 Ι

157 3828 273 3884 facessit
296 3850 318 3884 ω
346 3846 416 3886 corr.
435 3830 559 3902 Scaliger
629 3839 663 3888 31
693 3832 803 3903 premia
827 3833 855 3886 P
925 3837 960 3888 33
988 3832 1051 3888 isti·
1077 3833 1176 3903 Paipoe

157 3898 226 3968 ipsis
246 3921 266 3955 ω
328 3907 361 3956 33
381 3902 452 3955 haut
471 3901 661 3973 consopiatur,
679 3905 730 3959 aut
747 3924 769 3957 ω
785 3906 790 3973 Ι
812 3904 922 3959 auctori
938 3904 1042 3974 Paipoe
1058 3906 1140 3960 uxum
1153 3921 1174 3958 ο
