2430 4274
496 521 734 587 -113-

103 681 226 748 Eliciat
248 685 409 763 tenerum,
432 678 470 744 de
495 701 558 764 quo
581 684 771 763 resanata,
794 703 940 749 cruorem

102 772 173 836 Aut
195 769 275 856 pubi
300 768 494 834 admoueant
515 769 698 854 petulantia
721 769 845 836 lumina
867 771 985 855 lychni

101 859 181 944 Ipsa
205 859 303 923 etiam
326 855 428 922 simili
451 858 600 941 genetrix
622 858 764 923 obnoxia
788 859 902 944 culpae

101 948 201 1013 Alma
222 945 334 1011 Venus
357 949 467 1010 tantos
489 950 642 1029 penetrat
664 967 777 1012 secura
799 949 968 1016 tumultus.
1083 969 1119 1018 80

100 1035 172 1102 Nec
196 1035 417 1100 circumuento
440 1055 620 1118 properans
644 1035 800 1120 suffragia
822 1041 901 1102 nato

101 1124 276 1190 Terrorem
299 1122 482 1208 iugem'mat
504 1123 708 1208 stimulisque
732 1124 879 1189 accendit
902 1127 1020 1192 amaris

101 1212 273 1298 Ancipites
296 1210 399 1276 furias
422 1211 555 1296 natique
578 1211 613 1275 in
636 1212 771 1278 crimina
795 1212 922 1279 confert

99 1300 251 1367 Dedecus
274 1301 347 1384 ipsa
370 1321 478 1378 suum,
501 1300 586 1384 quod
608 1300 739 1366 uincula
763 1323 857 1367 caeca
880 1303 989 1369 marit'

99 1388 273 1475 Deprenso
295 1387 445 1454 Mauorte
467 1388 556 1471 tulit,
580 1388 665 1472 quod
688 1390 774 1474 pube
796 1390 949 1474 pudenda
1082 1409 1117 1460 88

98 1477 363 1563 Hellespontiaci
385 1476 510 1542 ridetur
532 1476 637 1542 forma
659 1477 784 1563 Priapi,

100 1567 197 1644 Quod
220 1566 358 1632 crudelis
379 1564 484 1651 Eryx,
507 1565 592 1650 quod
616 1566 748 1632 semiuir
769 1565 1072 1652 Hermaphroditus.

97 1653 171 1721 Nec
195 1655 277 1721 satis
300 1655 336 1719 in
357 1653 479 1719 uerbis:
503 1675 597 1719 roseo
621 1652 730 1719 Venus
754 1677 852 1720 aurea
875 1660 962 1723 serto

97 1742 301 1808 Maerentem
323 1742 436 1827 pulsat
456 1764 593 1827 puerum
617 1747 650 1807 st
671 1744 824 1829 grauiora
846 1749 1027 1829 pauentem.

99 1831 169 1897 Olli
192 1853 388 1917 purpureum
411 1831 554 1896 mulcato
578 1853 713 1916 corpore
735 1852 843 1896 rorem
1081 1851 1116 1903 00

99 1918 218 1986 Sutilis
242 1921 401 2004 expressit
423 1919 536 1985 crebro
559 1941 635 1985 rosa
657 1921 804 2002 uerbere,
828 1942 910 2005 quae
933 1921 999 1986 iam

98 2009 219 2075 Tincta
240 2009 331 2093 prius
354 2008 456 2073 traxit
478 2007 614 2073 rutilum
636 2009 742 2095 magis
766 2010 862 2095 ignes
884 2009 1003 2078 fucum.

96 2097 180 2163 Inde
202 2101 309 2163 truces
332 2097 473 2162 cecidere
496 2096 603 2162 minae
627 2097 835 2182 uindictaque
859 2100 964 2165 maior

98 2185 245 2253 Crimine
268 2185 340 2250 uisa
363 2208 436 2270 suo,
459 2184 619 2251 Venerem
642 2186 769 2252 factura
792 2193 971 2254 nocentem.

97 2275 198 2361 Ipsae
220 2274 423 2340 intercedunt
444 2274 592 2340 heroides
617 2279 649 2339 et
672 2295 731 2340 sua
775 2297 898 2361 uaeque
1080 2295 1114 2343 95

96 2363 230 2429 Funera
253 2362 373 2428 crudeli
395 2363 523 2428 malunt
546 2362 728 2428 adscribere
750 2298 830 2429 icto.

97 2452 184 2518 Tum
208 2456 316 2538 grates
338 2452 394 2535 pia
416 2456 522 2517 mater
544 2452 615 2536 agit
638 2452 772 2516 cessisse
796 2452 941 2517 dolentes

96 2541 144 2608 Et
168 2540 366 2607 condonatas
390 2562 489 2625 puero
513 2540 676 2606 dimittere
700 2540 821 2624 culpas.

144 2629 241 2694 Talia
263 2629 430 2695 nocturnis
454 2628 533 2694 olim
556 2629 731 2694 simulacra
753 2629 866 2716 figuris

96 2718 262 2784 Exercent
284 2717 446 2801 trepidam
470 2739 561 2783 casso
585 2722 710 2783 terrore
733 2717 882 2802 quietem.
1062 2733 1114 2783 100

97 2806 190 2884 Quae
212 2811 387 2891 postquam
410 2807 514 2871 multa
536 2828 710 2891 perpessus
732 2811 827 2873 nocte
851 2802 976 2891 Cupido

96 2895 240 2982 Effugit,
262 2897 358 2980 pulsa
379 2895 512 2960 tandem
535 2895 673 2980 caligine
697 2896 803 2961 somni

96 2984 223 3050 Euolat
246 2984 286 3048 ad
309 3004 443 3069 superos
466 2987 623 3069 portaque
648 2984 757 3049 euadit
780 2986 912 3050 eburna.

171 3163 204 3212 77
224 3174 279 3227 quo
298 3173 349 3212 om.
370 3157 396 3211 Τ
413 3161 495 3227 (aux
512 3157 544 3212 in
562 3174 649 3228 moro.
668 3158 743 3226 odd.)
798 3163 832 3213 88
851 3156 918 3227 pabi
938 3159 967 3227 (a
983 3157 1016 3212 in
1033 3176 1051 3213 v
1068 3173 1112 3228 pr.

94 3266 178 3346 arr.)
201 3264 248 3334 rr
272 3229 340 3319 stus
360 3264 387 3317 r
457 3270 490 3319 rs
509 3263 648 3347 genetrix]
669 3262 838 3391 egenum
857 3262 883 3316 r
898 3261 1077 3333 genitricisz

94 3341 129 3391 81
150 3336 333 3390 circumuento
350 3333 406 3390 Tc
459 3339 493 3389 82
512 3337 689 3404 ingeminant
782 3339 817 3389 84
836 3333 958 3389 coecas
1012 3338 1047 3390 80
1065 3335 1112 3390 de-

93 3408 234 3478 prehenso
253 3410 268 3460 l
339 3410 374 3461 87
392 3405 473 3460 herix
492 3406 522 3476 (h
541 3407 603 3473 del.)
624 3405 650 3459 Τ
671 3409 770 3461 cruxl
791 3405 795 3473 Ι
820 3404 1065 3475 hermophroditus
1085 3407 1113 3475 (a

95 3479 204 3533 litterae
222 3493 239 3531 o
257 3478 367 3547 simale)
388 3477 414 3531 Τ
471 3475 630 3531 88ΗοοΤ
688 3482 722 3532 88
741 3478 913 3533 moerentem
934 3475 979 3531 θλ
996 3476 1000 3545 Ι
1015 3476 1113 3546 pulsat

93 3549 190 3619 pulsat
212 3548 238 3602 Τ
289 3554 323 3604 90
341 3548 524 3604 mulctatos
585 3554 619 3603 81
639 3547 751 3602 subtilis
772 3547 798 3601 Τ
855 3554 889 3604 88
907 3547 998 3602 tincta
1016 3589 1111 3602 .....

94 3625 182 3694 traxit
201 3639 264 3707 (lac.
284 3639 403 3708 quinque
421 3638 484 3703 litt.)
505 3636 549 3706 T}
565 3635 730 3691 ruticluml
786 3642 820 3692 88
839 3635 957 3692 siccati*
1009 3641 1043 3691 88
1062 3635 1111 3690 ad·

95 3708 216 3765 scribere
251 3707 297 3764 θλ
316 3707 502 3764 ascribereT
564 3713 597 3762 98
616 3707 696 3778 olim]
716 3707 766 3763 olli
784 3707 900 3764 Schenkl
968 3711 1019 3762 102
1038 3705 1113 3775 pulsi

98 3780 164 3850 Tll
235 3780 312 3852 igine
330 3779 401 3835 fumi
422 3779 448 3833 Τ
469 3784 473 3850 l
497 3777 576 3834 Finit
594 3778 696 3849 cupido
715 3778 857 3834 cruciatus
876 3778 921 3834 Gr

149 3995 278 4029 arsoms.
934 3972 951 4021 8
