2430 4274
368 17 1205 299 fl-

505 533 749 601 -198-

124 716 245 760 nouam
267 693 379 759 lunam
402 697 436 758 et
457 691 612 759 Murenae
635 695 832 778 auguratum
854 695 965 758 ternos
990 697 1043 757 ter
1065 714 1139 777 cye-
1157 710 1194 760 aa

124 783 199 848 thos
233 783 392 848 attonitus
422 783 508 866 petit
533 786 635 847 uetes.
680 782 765 848 hunc
792 782 899 848 locum
927 781 966 846 de
993 782 1139 848 ternario

123 892 260 938 numero
278 872 366 937 illico
384 875 496 936 nostra
519 870 577 936 illa
599 871 729 957 poetica
752 870 878 937 scabies
901 871 1010 954 coepit
1033 872 1139 936 excul-

123 982 213 1047 pere:
232 961 323 1026 cuins
337 960 444 1025 morbi
458 960 614 1044 quoniam
627 959 723 1025 facile
737 959 924 1045 contagium
939 963 998 1044 eet,
1012 960 1139 1024 utinam

124 1048 166 1114 ad
188 1052 222 1115 te
244 1071 372 1134 quoque
400 1050 534 1134 prurigo
562 1048 754 1134 commigret
777 1051 809 1113 et
832 1047 906 1113 fuco
930 1053 1006 1113 tuae
1029 1070 1140 1114 emen-

124 1137 266 1204 dationis
285 1137 411 1204 adiecto
430 1138 581 1224 inpingas
600 1137 805 1224 sphongiam‚
823 1158 905 1222 quae
923 1136 1138 1221 inperfectum
1157 1152 1187 1203 3ο

124 1248 207 1313 opus
231 1227 305 1311 equi
327 1227 411 1292 male
431 1227 614 1310 spumantis
635 1226 792 1292 absoluat.
825 1248 863 1291 ac
880 1248 922 1290 ne
942 1248 992 1291 mc
1010 1227 1138 1292 nescias

124 1315 318 1402 gloriosum,
346 1319 478 1400 coeptos
505 1315 591 1379 inter
612 1314 836 1399 prandendum
859 1315 1038 1380 uersiculos
1062 1319 1138 1380 aute

123 1425 221 1470 cenae
253 1406 382 1488 tempus
410 1403 551 1486 absolui,
582 1404 645 1469 hoc
673 1407 737 1487 est,
769 1402 845 1468 dum
875 1403 952 1469 bibo
981 1408 1014 1468 et
1040 1404 1138 1487 paulo

123 1496 200 1559 ante
224 1514 321 1577 quam
344 1492 498 1558 biberem.
537 1492 581 1557 sit
603 1513 681 1578 ergo
705 1513 840 1557 examen
863 1513 921 1575 pro
946 1492 1083 1557 materia
1106 1496 1140 1556 et

122 1585 281 1666 tempore.
326 1585 377 1646 set
398 1585 434 1646 tu
458 1603 586 1666 quoque
611 1581 673 1647 hoc
695 1581 802 1665 ipsum
825 1581 922 1666 paulo
945 1580 1082 1646 hilarior
1105 1584 1139 1645 et
1155 1594 1185 1644 33

124 1668 260 1736 dilutior
290 1671 376 1756 lege;
408 1691 549 1755 namque
580 1671 734 1735 iniurium
767 1673 817 1734 est
850 1669 889 1734 de
921 1673 1020 1754 poeta
1052 1669 1138 1734 male

124 1759 233 1824 sobrio
256 1759 410 1824 lectorem
435 1759 629 1824 abstemium
654 1757 805 1824 iudicare.
848 1779 952 1842 neque
975 1779 1028 1823 me
1051 1757 1139 1824 fallit

123 1846 194 1913 fore
213 1848 368 1932 aliquem,
390 1848 446 1932 qui
468 1848 555 1913 hunc
577 1849 683 1913 iocum
705 1851 854 1912 nostrum
878 1847 980 1911 acutis
1002 1846 1137 1912 naribus

123 1940 158 2000 ct
187 1939 355 2021 caperrata
387 1936 492 2001 fronte
525 1935 717 2002 condemnet
748 1938 909 2020 negetque
941 1957 993 1999 me
1020 1935 1139 2018 omnia,

124 2045 206 2108 quae
230 2024 269 2090 ad
292 2025 471 2090 ternarium
493 2029 527 2089 et
549 2025 761 2091 nouenarium
788 2045 938 2090 numeros
965 2025 1139 2109 pertinent,
1156 2036 1185 2085 40

125 2251 217 2306 noctis
235 2250 358 2320 mediae,
377 2251 427 2320 da,
446 2268 528 2320 puer,
547 2251 660 2322 auguris
679 2251 825 2306 Murenaez
847 2251 938 2306 tribus
964 2254 1014 2305 aut
1037 2266 1139 2305 nouem

125 2321 279 2378 miscentur
297 2322 408 2393 cyathis
425 2320 528 2393 pocula
547 2323 710 2379 commodis.
739 2321 895 2391 quibimus
909 2323 988 2378 amet
1005 2320 1138 2392 impares,

126 2396 221 2449 ternos
238 2396 282 2449 ter
300 2392 418 2465 cyathos
436 2395 575 2449 attonitus
593 2395 672 2464 petet
689 2394 778 2449 natea.

196 2471 232 2520 so
254 2465 317 2521 Vel.
336 2465 409 2521 Max.
428 2464 495 2519 vm
515 2471 547 2519 11
566 2463 629 2519 Exc.
645 2471 668 2521 r.
703 2463 776 2518 Prin.
794 2483 821 2521 n.
841 2465 869 2518 h.
888 2454 991 2518 xxxv
1011 2469 1063 2519 104
1086 2464 1139 2518 hoc

125 2537 254 2607 exemplo
275 2537 335 2592 eius
359 2535 460 2592 similis
478 2538 508 2591 et
525 2537 649 2591 Nealcen
672 2552 817 2591 successus
841 2551 956 2606 spumae
979 2535 1044 2602 equi
1064 2534 1140 2589 aimi-

124 2607 190 2662 liter
210 2624 363 2679 spongea
381 2608 523 2678 inpacta
541 2609 652 2662 secutus
671 2607 781 2662 dicitur.

196 2808 231 2858 25
250 2805 347 2872 cyatos
363 2803 392 2856 P
407 2803 493 2856 tiatoa
512 2804 554 2870 (os
572 2803 604 2856 in
622 2803 690 2884 ras.)
704 2801 731 2855 V
746 2803 874 2870 cythoat
928 2805 963 2854 26
982 2768 1139 2870 petiisuatis

126 2874 150 2942 (t
167 2875 203 2928 ul.
222 2877 268 2940 aa.)
290 2872 402 2942 Vpetii
422 2871 700 2941 repentinam
722 2872 799 2944 VPl
817 2868 843 2926 (l
862 2872 943 2925 Hunc
962 2871 991 2926 P
1053 2876 1087 2924 27
1106 2871 1140 2925 il·

124 2942 180 2999 lico
199 2944 266 2999 lica
283 2943 368 3015 (illico
391 2942 427 2996 V‘
445 2943 455 2996 i
470 2960 515 3013 pr.
534 2944 571 2998 ul.
594 2942 654 3013 V)l
674 2941 800 3013 poeticas
819 2942 913 2998 cabiee
936 2942 972 2996 V¹
992 2944 996 3006 Ι
1017 2941 1095 3016 oepit
1114 2942 1142 2995 P

126 3015 210 3083 caepit
228 3013 272 3086 Τ1
295 3014 411 3082 exculpe
430 3012 467 3067 ΡΙ
489 3013 633 3082 exculpere
651 3015 781 3084 Lucumo.
802 3015 869 3083 (non
891 3013 925 3082 V)
988 3018 1022 3068 23
1042 3012 1077 3067 ad
1096 3013 1139 3085 te]

125 3087 173 3140 ate
191 3085 220 3138 P
236 3087 241 3154 1
265 3085 333 3155 fugo
353 3085 382 3139 P
452 3091 486 3139 30
504 3083 648 3157 inpingas]
671 3085 699 3139 V
716 3088 720 3154 1
742 3083 921 3155 sphongiam'
933 3083 968 3138 V¹
991 3085 1141 3153 spongiam

130 3154 232 3211 V‘TG
249 3157 421 3226 ephougeam
436 3157 464 3210 P
478 3172 631 3226 spongeam
648 3162 664 3211 λ
680 3159 685 3225 1
700 3155 899 3227 inperfectum]
921 3155 977 3209 VP
1037 3161 1070 3210 31
1091 3155 1139 3210 ab·

125 3260 219 3316 solbat
238 3262 274 3318 V¹
292 3231 423 3330 absoluai
444 3263 487 3331 ΤΙ
509 3258 534 3315 u
554 3266 595 3318 Ac
611 3264 639 3317 P
653 3265 657 3331 1
673 3262 782 3318 nescias
800 3261 966 3333 gloriosum]
982 3258 1141 3344 gloriosum

124 3348 210 3402 neges
230 3334 256 3387 Z
326 3341 360 3389 32
378 3338 476 3404 ceptus
495 3334 553 3388 PT
577 3337 582 3403 1
606 3333 784 3404 pendendum
803 3334 832 3389 P
852 3337 857 3402 1
882 3332 1069 3400 uersusrculos
1091 3332 1137 3387 T.

125 3405 204 3458 ante:
223 3407 252 3460 te
269 3406 302 3459 in
319 3421 375 3460 rae.
395 3405 422 3459 V
479 3411 514 3459 33
533 3422 600 3460 cene
622 3405 649 3458 P
665 3422 733 3479 cene
751 3406 833 3475 (cul.
847 3405 965 3476 praefice.
985 3404 1091 3472 waes)
1117 3402 1143 3457 V

126 3491 201 3530 cene
223 3476 249 3530 Τ
272 3492 374 3532 coenae
395 3476 421 3530 G
445 3479 450 3546 1
475 3476 588 3548 absolu3
607 3476 636 3531 P
704 3483 739 3531 34
758 3476 806 3544 sit]
830 3476 905 3548 31Τ
928 3478 933 3541 1
957 3473 1142 3546 melitenum

125 3563 194 3601 cras
219 3548 246 3602 V
314 3554 349 3603 33
368 3549 423 3620 set]
447 3547 484 3603 V¹
513 3551 518 3615 1
546 3550 647 3602 tuom.
671 3547 708 3603 V¹
735 3551 768 3602 ut
786 3548 814 3601 P
840 3549 845 3613 1
873 3546 971 3616 paulo:
990 3547 1019 3601 lo
1037 3561 1141 3601 rasura

125 3619 212 3686 effect.
232 3625 257 3675 et
275 3635 354 3674 rccecr¹
373 3619 416 3687 Vl
434 3619 474 3690 et]
492 3636 511 3673 a
528 3623 596 3672 ee.2
651 3623 686 3674 33
705 3617 852 3672 diluciorl
872 3617 981 3672 dulcior
999 3617 1025 3671 G
1041 3618 1046 3684 1
1062 3632 1140 3670 nam·

126 3689 193 3762 que]
213 3707 277 3746 nam
299 3691 325 3744 Τ
377 3696 412 3746 33
430 3689 619 3745 abstbemium
638 3689 685 3758 61
703 3685 728 3743 u
747 3688 846 3759 Neque
864 3689 893 3744 P
949 3693 984 3743 38
1002 3688 1050 3756 qui
1068 3689 1143 3756 forte

125 3760 200 3816 hunc
220 3762 246 3816 T
273 3761 278 3832 1
307 3762 400 3816 locum
426 3761 460 3829 (l,
478 3776 536 3816 noa
553 3760 565 3815 i
583 3761 674 3833 luogo)
696 3759 724 3815 V
791 3766 826 3814 33
846 3759 1006 3830 caperrata]
1030 3758 1140 3827 VPTl

126 3837 223 3973 rpqge't:
243 3834 392 3976 litteraelg(
403 3833 522 3899 irascier
535 3832 660 3972 pprg'ul.
679 3847 760 3888 recor.
784 3831 811 3886 V
870 3836 906 3885 40
924 3831 1144 3887 nouuemarium

221 3919 352 3962 numeros
391 3922 438 3958 um
457 3919 535 3959 eraso
