2430 4274
518 556 672 622 -256
722 593 759 604 -

131 718 193 795 Qui
218 740 258 803 pe
280 716 341 782 tibi
366 719 522 802 sequutus
544 715 670 798 uideor,
694 716 770 800 quis
792 717 949 803 paruulus
972 718 1038 785 istu
1116 736 1148 786 11

208 807 313 873 omine
336 806 532 871 honoratum
555 826 606 869 me
630 827 757 889 quoque
779 805 947 891 nobilitst3

131 893 208 961 Non
232 899 322 960 setas
346 895 425 978 quis
445 898 560 960 nostru
583 894 709 959 oedem:
731 916 808 958 nem
833 895 984 978 subparis
1009 896 1083 962 esui

175 982 253 1049 Sum
276 983 338 1049 tibi
361 1004 422 1069 ego
446 987 480 1048 et
502 1004 638 1068 possum
661 982 773 1046 fratris
796 982 915 1048 hebere
938 983 1060 1068 uioem3

130 1070 200 1137 Nee
223 1076 353 1138 tuntum
375 1072 496 1136 nostris
521 1072 662 1155 spatium
686 1070 905 1156 interponitur
928 1073 1037 1157 suuis,
1116 1088 1145 1138 13

176 1159 308 1236 Quanta
330 1161 436 1225 solent
458 1161 539 1224 ulios
563 1164 712 1244 tempore
735 1159 886 1224 diuidere.

131 1247 210 1313 Vidi
234 1269 296 1333 ego
318 1248 444 1313 natales
466 1248 603 1312 fratrum
629 1247 751 1312 distare
774 1253 826 1313 tot
848 1249 957 1333 annis,
1068 1288 1077 1303 ·
1111 1280 1126 1308 ι

176 1336 263 1413 Quot
283 1342 427 1403 nostros:
451 1358 568 1402 aeuum
590 1336 723 1401 nomina
745 1359 810 1402 non
835 1342 980 1403 onerent

132 1425 274 1491 Pulchre
296 1425 429 1490 iuuenta
451 1425 513 1489 tibi
538 1425 662 1490 senium
687 1424 733 1490 sio
756 1425 875 1511 iungit,
898 1429 936 1491 ut
959 1448 1091 1512 usuum,

176 1511 269 1590 Quod
287 1515 377 1599 prius
396 1517 461 1598 est,
483 1517 627 1579 maneat:
651 1513 736 1597 quod
758 1513 867 1596 modo,
886 1518 924 1579 ut
941 1515 1090 1600 incipiat
1113 1531 1143 1582 3ο

130 1602 177 1668 Et
198 1603 360 1687 placuisse
382 1624 458 1667 reor
480 1602 618 1688 geminis
642 1602 819 1686 aetatibus,
847 1606 885 1667 ut
907 1625 942 1668 se

175 1689 252 1757 Non
274 1691 431 1757 festinato
454 1695 599 1774 tempore
622 1696 759 1775 utruque
783 1691 888 1776 deret,

131 1778 264 1846 Leniter
285 1779 366 1846 hseo
388 1780 516 1863 flueret,
540 1779 620 1844 haee
643 1801 709 1845 non
732 1785 908 1864 properate
929 1781 1073 1866 ueniret,

175 1868 338 1933 Moturum
361 1867 489 1954 frugem
512 1867 592 1933 flore
615 1871 768 1932 manente
791 1867 907 1933 ferens.

131 1957 245 2021 Annos
269 1978 319 2021 me
342 1957 467 2021 nescire
490 1960 580 2040 tuos,
603 1961 697 2040 peter
720 1958 857 2041 optime,
881 1961 985 2023 testor
1111 1974 1142 2024 33

176 2045 301 2129 Totque
325 2047 438 2128 putere
461 2048 550 2127 tuos,
574 2048 654 2129 quot
676 2066 750 2110 reor
773 2067 843 2110 esse
866 2068 964 2110 meos.

131 2132 268 2197 Nesciat
290 2132 351 2198 hos
374 2136 483 2216 natus,
506 2136 656 2198 numeret
679 2135 906 2218 properantior
928 2134 1038 2217 heres,

172 2220 386 2286 'Testamenta
408 2221 513 2306 magis
538 2243 635 2304 quam
658 2222 714 2306 pis
737 2227 815 2286 uots
837 2223 951 2287 fouens

131 2308 354 2394 Exemploque
377 2308 496 2374 doeens
519 2330 620 2394 prauo
644 2311 850 2375 iuuenesoere
872 2314 981 2395 ustos,

176 2397 223 2461 Vt
246 2398 353 2463 nolint
376 2403 484 2482 patres
509 2419 542 2462 se
566 2420 692 2483 quoque
716 2398 836 2464 hebere
860 2421 964 2464 senes.
1112 2416 1142 2467 3ο

131 2484 252 2552 Verum
277 2507 337 2572 ego
361 2487 527 2571 primaeuo
551 2488 681 2572 genitus
705 2488 852 2571 genitore
875 2488 1004 2554 fatebor

176 2574 333 2661 Subparis
356 2575 437 2640 haec
460 2575 532 2641 seui
555 2579 703 2659 tempore
727 2580 823 2661 grets
845 2576 934 2641 mihi.

131 2663 242 2730 Debeo
267 2663 353 2748 quod
375 2669 486 2743 uetus,
511 2664 625 2728 suadet
647 2665 702 2748 pia
725 2686 801 2729 eure
824 2664 953 2749 nepotis

175 2752 367 2817 Addendum
391 2753 491 2835 petri,
515 2774 579 2836 quo
603 2773 794 2818 ueneremur
818 2775 924 2818 auum.

132 2839 181 2904 Tu
204 2862 346 2925 quoque,
369 2841 414 2903 mi
438 2841 579 2925 genitor,
603 2842 768 2926 geminata
789 2842 949 2907 uocabula
971 2843 1088 2929 gaude,
1112 2859 1143 2909 st

175 2927 253 2992 Nati
277 2928 436 3011 primaeui
459 2929 589 2993 nomine
611 2929 718 2994 faetus
742 2952 832 2994 suus.

130 3016 307 3101 Exiguum,
332 3015 417 3099 quod
442 3038 535 3081 suus:
557 3017 692 3082 faueant
713 3019 768 3102 pis
791 3020 927 3082 numius
950 3019 1063 3085 diuum

204 3197 234 3244 11
254 3189 387 3258 psrbulus
411 3189 446 3245 V¹
473 3192 477 3258 Ι
501 3191 556 3246 isto
579 3189 691 3247 Vinetus
709 3194 751 3247 ste
776 3192 811 3245 V¹
840 3193 894 3247 ists
917 3192 953 3246 V’
1028 3201 1062 3248 13
1080 3193 1142 3250 Non

130 3263 208 3315 uetes
227 3261 326 3329 Peiper
343 3261 483 3334 Bonsptss
507 3263 551 3327 Vl
568 3263 709 3332 subpatris
733 3263 759 3317 V
774 3265 985 3333 eoruLupdsm.
1042 3267 1143 3320 1411*

129 3333 195 3387 here
214 3332 346 3402 Lupdim.
365 3332 501 3386 absrsV
571 3341 605 3388 16
623 3339 763 3402 tempora:
783 3351 801 3388 e
818 3352 852 3389 ex
870 3352 885 3388 s
904 3343 936 3391 ut
952 3337 1012 3391 uid.
1032 3352 1090 3392 ras.
1110 3337 1144 3391 al.

135 3403 162 3457 V
214 3410 247 3458 1⁷
266 3403 341 3472 quod
363 3403 389 3457 V
403 3403 855 3474 corr.Leqdun.1honsrantV¹
912 3412 944 3460 13
983 3408 1064 3461 ulers
1087 3406 1114 3462 V

130 3479 163 3527 21
183 3473 331 3543 gemminis
351 3474 387 3527 V¹
442 3480 475 3529 22
494 3479 625 3544 utreque:
643 3477 702 3530 ictu
720 3492 798 3531 eraso
815 3493 897 3546 super
915 3494 933 3530 s
1033 3483 1070 3532 2⁶
1088 3494 1144 3533 ms:

131 3547 197 3598 eiu
214 3561 268 3600 ros.
295 3545 339 3612 V!
359 3545 465 3600 obtime
489 3546 516 3598 V
567 3552 601 3601 26
621 3546 696 3615 quod
720 3547 832 3602 Vcorr.
851 3545 983 3617 Inepdun.
1038 3555 1075 3603 2¹1
1094 3549 1144 3605 hos

130 3616 302 3682 Gronoue'us,
320 3613 375 3669 hoe
394 3615 438 3686 Vl
455 3617 632 3687 properatim
651 3619 680 3686 (u
697 3634 731 3673 ex
748 3619 795 3684 sl)
818 3618 860 3682 Vl
877 3618 954 3692 heres
972 3618 998 3672 V
1050 3625 1087 3674 38
1105 3620 1145 3674 fo·

128 3687 248 3741 bensV
311 3692 345 3740 29
363 3686 543 3743 iubenesesre
569 3688 604 3741 V¹
676 3695 712 3743 30
730 3689 834 3744 nollint
856 3688 891 3742 V¹
963 3695 996 3743 31
1016 3689 1145 3772 primebo

135 3758 170 3811 V¹
243 3763 277 3811 32
297 3757 438 3825 subpatris
463 3759 573 3815 Vcorr.
592 3759 723 3830 Luydun.
748 3763 753 3828 t
778 3760 843 3815 uehi
867 3759 902 3813 V¹
928 3767 933 3829 Ι
959 3758 1026 3816 mici
1051 3761 1079 3814 V

130 3835 163 3883 33
182 3830 278 3898 genite
302 3827 329 3881 V
344 3843 413 3885 eurr.
432 3829 563 3899 mysos.
584 3833 588 3899 Ι
611 3830 752 3886 bocsbulu
774 3829 811 3885 V¹
865 3836 899 3886 37
918 3833 1009 3888 sbuus
1034 3831 1062 3886 V
1080 3835 1085 3902 Ι
1104 3832 1145 3887 t's·

129 3918 216 3972 bosut
238 3915 273 3970 V¹
293 3917 298 3985 Ι
320 3900 416 3972 nomio
434 3920 461 3987 (ο
480 3934 514 3974 eu
532 3918 636 3988 corut)
654 3935 723 3975 corr.
742 3919 874 3989 Leepduu.
