2400 4282
488 517 716 564 -Vfl—

87 679 189 743 quam
214 657 357 722 auctoris
380 657 495 742 genius
519 657 581 722 sibi
613 680 696 742 quae
724 658 903 724 uindicaret
930 659 1106 744 paucisque

88 746 165 811 aliis
190 767 273 829 quae
301 752 437 830 possent
464 768 560 811 curae
589 768 672 830 esse,
701 769 766 820 non
789 748 908 812 mirum
934 749 963 813 si
986 748 1106 813 retine·

88 836 211 900 bantur
238 834 272 899 in
295 833 437 918 scriniis,
464 834 540 899 dum
568 835 723 901 conlectis
755 837 918 920 opusculis
948 837 982 901 in
1005 858 1104 903 unum

89 924 184 1008 quasi
204 943 321 1007 corpus
341 923 439 987 etiam
462 924 543 991 haec
563 924 686 1009 ingenii
705 923 888 990 Ausoniani
912 924 1105 991 documenta

89 1015 303 1096 emergerent,
322 1033 404 1095 quae
418 1012 484 1076 iam
498 1033 632 1096 prorsus
647 1012 784 1078 diuersis
799 1012 938 1078 inmixta
953 1017 1105 1098 poterant

88 1101 220 1184 placere
247 1099 406 1185 pluribus.
446 1100 537 1166 uelut
568 1100 761 1184 Ephemeris
789 1122 934 1186 quaeque
963 1124 1035 1167 eam
1058 1124 1105 1167 se-

89 1193 209 1254 cuntur
231 1189 265 1252 in
288 1187 451 1254 Vossiano
471 1187 658 1254 Domestica
681 1210 764 1274 quae
788 1190 1013 1274 inscripsimus
1037 1212 1104 1256 car·

89 1278 181 1342 mina
199 1298 272 1342 cum
285 1276 509 1343 Parentalibus
529 1285 562 1343 et
580 1277 805 1343 Professorum
819 1276 1105 1365 Burdigalensium

88 1367 406 1431 commemoratione.

159 1451 221 1518 Sed
253 1458 380 1519 restant
407 1455 486 1538 alia,
520 1455 634 1539 quibus
663 1454 749 1539 quod
777 1454 918 1538 praefari
947 1456 1104 1540 amicique

89 1563 210 1607 nomen
243 1564 441 1627 praeponere
469 1543 651 1626 supersedit
682 1547 780 1627 poeta
813 1543 930 1608 mirum
966 1543 1105 1628 uidetur,

89 1653 117 1695 e.
147 1651 177 1715 g.
205 1629 320 1696 Vrbes.
373 1653 449 1695 nam
484 1653 539 1697 eas
575 1636 744 1715 tamquam
777 1631 960 1698 Theodosio
994 1654 1104 1698 sacras

89 1725 225 1804 propter
251 1741 365 1785 uersus
393 1721 436 1785 64
454 1741 536 1805 sqq,
564 1721 615 1785 oui
643 1723 750 1785 totum
778 1720 932 1784 uolumen
960 1724 1031 1784 erat
1059 1720 1105 1784 di-

89 1812 212 1891 catum,
240 1811 389 1893 exceptas
417 1808 519 1875 fuisse
550 1809 591 1873 ab
620 1829 658 1872 ea
685 1829 802 1872 norma
824 1807 881 1872 uix
904 1807 1104 1873 crediderim.

89 1894 145 1961 Sic
167 1897 277 1980 potius
301 1918 429 1962 censeo:
453 1919 550 1981 quae
573 1897 745 1962 carmina
763 1896 960 1962 Ausonius
984 1898 1104 1961 certis

89 1985 225 2050 amieis
249 1989 314 2050 aut
341 1986 518 2051 omnibus
547 1985 711 2050 lecturis
740 1984 901 2064 dicauit,
932 2007 974 2050 ea
998 1985 1105 2050 edita

89 2077 180 2138 sunt
203 2077 268 2139 aut
287 2077 492 2158 antequam
510 2074 674 2159 primum
694 2074 883 2158 opuscula
903 2073 1104 2158 redigeret

88 2163 129 2226 in
152 2162 338 2246 ordinem,
366 2167 431 2228 aut
453 2164 536 2246 ipso
562 2184 603 2227 eo
630 2165 815 2247 tempore,
838 2183 911 2246 quo
935 2162 1104 2246 parabat

88 2251 253 2316 alteram
298 2251 508 2316 tertiamue
554 2251 831 2335 opusculorum
877 2250 1102 2334 editionem,

89 2360 186 2423 quae
204 2339 351 2404 nullam
369 2360 460 2423 prae
479 2361 517 2405 se
541 2339 674 2404 ferunt
693 2338 774 2404 eius
793 2339 895 2403 modi
913 2360 1103 2404 commen-

88 2427 300 2511 dationem,
324 2450 367 2493 ea
390 2449 465 2492 non
488 2429 566 2492 nisi
589 2429 734 2512 inipsa
753 2426 999 2492 conlectione
1019 2427 1103 2491 siue

88 2516 219 2600 priore
243 2518 325 2581 siue
349 2517 474 2582 altera
497 2519 586 2581 sunt
609 2516 722 2581 edita.

157 2604 265 2689 Atque
296 2604 345 2668 bis
377 2605 508 2688 quidem
535 2605 641 2689 ipsum
675 2605 838 2668 auctorem
866 2602 1012 2667 conlecta
1044 2624 1104 2667 sua

89 2693 247 2776 opuscula
261 2693 408 2758 emisisse
424 2695 497 2776 ipsa
517 2693 715 2758 dedicatoria
728 2690 883 2774 carmina,
901 2690 1102 2755 Praefatiun·

88 2780 179 2846 culae
216 2803 296 2865 quas
329 2780 488 2865 diximus,
522 2783 676 2847 euincunt
712 2779 908 2864 tertiumque
941 2779 1103 2844 editurum

87 2868 191 2934 fuisse
210 2891 248 2935 ea
266 2870 409 2935 carmina
427 2871 578 2955 probant,
595 2891 679 2954 quae
696 2869 731 2933 in
750 2869 852 2933 altera
870 2867 1013 2933 editione
1036 2889 1103 2933 non

87 2962 221 3042 recepta
247 2958 348 3023 fuisse
376 2959 457 3024 satis
484 2961 614 3024 constat
640 2980 678 3022 ex
702 2960 887 3041 temporum
910 2955 1103 3038 rationibus,

88 3045 228 3111 edidisse
251 3051 360 3111 tamen
384 3047 506 3132 ipsum,
529 3047 774 3130 qualiacumque
798 3048 900 3130 erant,
924 3045 1102 3110 amicorum

88 3156 209 3201 nomen
231 3136 452 3220 praepositum
475 3136 625 3200 ostendit.

157 3222 202 3288 Et
224 3225 363 3308 primam
383 3223 513 3307 quidem
537 3223 713 3288 editionem
733 3219 897 3306 Syagrio
920 3219 1102 3305 adscripsit,

89 3312 187 3377 simul
211 3313 361 3378 omnibus
389 3312 520 3377 lecturis
544 3334 579 3376 se
602 3331 724 3395 suaque
747 3309 978 3375 commendans
1002 3306 1103 3394 (quod

88 3401 190 3477 etiam
219 3402 253 3465 in
279 3400 429 3466 Bissulae
458 3401 701 3485 epigrammatis
729 3397 833 3462 Paulo
859 3397 968 3462 missis
1000 3396 1104 3482 fecit),

90 3490 229 3555 alteram
248 3489 470 3554 Theodosio
490 3488 667 3574 Augusto
688 3491 721 3553 et
738 3490 848 3552 uetera
868 3489 901 3550 et
923 3485 1103 3550 recentiora

87 3578 237 3644 carmina
255 3578 427 3663 expetenti.
463 3579 604 3659 tertiam,
628 3598 725 3661 quam
744 3596 876 3659 parasse
897 3596 970 3640 eum
994 3573 1104 3659 prodit

88 3667 186 3745 illud,
222 3667 308 3751 quod
343 3666 483 3751 undique
520 3666 764 3751 qualiacumque
802 3663 879 3728 olim
916 3667 1020 3727 metro
1055 3662 1103 3725 lu·

90 3759 191 3838 serat,
221 3756 424 3837 corradebat,
454 3776 519 3820 non
548 3756 657 3841 ipsum
685 3753 881 3837 absoluisse,
909 3750 969 3816 sed
995 3747 1105 3814 nescio

83 3865 179 3923 quem
200 3845 273 3906 srue
293 3849 472 3927 cognatum
493 3845 565 3916 siue
587 3845 808 3940 familiarem,
827 3844 868 3917 id
885 3843 1019 3934 ipsum,
1036 3837 1133 3925 quad
