2430 4274
358 17 1188 303 ω

518 534 734 599 ,68-

251 694 296 760 Et
319 693 462 759 mellitae
485 697 616 757 nectare
640 694 729 757 uocis

251 782 368 849 Dulcia
392 783 462 847 fatu
485 782 585 846 uerba
608 785 776 847 canentem

398 870 538 936 Nestora
560 891 679 956 regem.

163 1033 270 1098 Ambo
294 1031 386 1116 loqui
408 1029 531 1112 faciles,
554 1030 650 1096 ambo
674 1030 783 1094 omnia
806 1030 950 1094 carmina
974 1029 1077 1114 docti,
1101 1046 1136 1095 ao

208 1119 373 1187 Callentes
397 1118 532 1202 mython
555 1119 717 1202 plasmata
741 1122 774 1182 et
796 1117 978 1201 historiam,

163 1209 288 1274 Liberti
313 1209 409 1273 ambo
434 1227 546 1292 genus,
569 1206 625 1271 sed
650 1228 730 1291 quos
754 1206 909 1271 meruisse
932 1205 1058 1272 deceret

211 1297 378 1380 Nancisci,
403 1301 439 1361 ut
462 1296 606 1360 cluerent
629 1296 778 1379 patribus
801 1295 962 1380 ingenuis.

65 1493 122 1542 [rra]
189 1469 275 1525 XXII.
299 1468 472 1525 VICTORIO
492 1469 723 1525 SVBDOCTORI
743 1469 824 1524 SIVE
843 1468 1067 1525 PROSCHOLO.

119 1598 246 1664 Victori
270 1597 432 1681 studiose,
455 1618 591 1680 memor,
614 1597 712 1681 celer,
735 1597 897 1683 ignoratis

163 1686 307 1752 Adsidue
330 1687 363 1751 in
386 1687 480 1752 libris
503 1707 563 1751 nec
586 1686 650 1750 nisi
673 1690 786 1771 operta
809 1687 935 1770 legens,

119 1776 243 1842 Exesas
265 1775 364 1840 tineis
388 1776 561 1860 opicasque
585 1774 734 1840 euoluere
758 1774 888 1846 chartas

163 1864 270 1930 Maior
293 1887 391 1949 quam
415 1864 575 1949 promptis
600 1885 677 1929 cura
699 1863 761 1928 tibi
784 1864 819 1928 in
843 1861 967 1928 studiis.

121 1953 266 2036 Quiduis,
284 1950 303 1993 *
321 1953 512 2037 pontificum
532 1973 613 2035 quae
631 1952 771 2030 foedera,
795 1955 933 2016 stemma
951 1951 1037 2035 quod
1056 1951 1136 2017 olim

51 2041 66 2067 '
164 2042 252 2105 Ante
275 2039 419 2105 Numam
442 2040 542 2106 fuerit
565 2040 701 2106 sacrifici
725 2039 878 2106 Curibus:
1118 2056 1134 2105 6

122 2128 208 2205 Quid
232 2127 349 2195 Castor
372 2128 496 2194 cunctis
519 2129 558 2192 de
581 2129 713 2213 regibus
737 2129 914 2215 ambiguis,
939 2129 1017 2214 quid

165 2214 322 2303 Coniugis
346 2239 363 2281 e
385 2217 479 2282 libris
503 2217 639 2281 ediderit
661 2217 833 2302 Rhodope:

122 2304 214 2381 Quod
237 2306 287 2370 ius
310 2306 515 2390 pontificum,
538 2309 684 2371 ueterum
708 2329 790 2392 quae
814 2307 896 2372 scita
918 2306 1084 2383 Quiritum

165 2393 253 2471 Quae
277 2396 425 2460 consulta
447 2399 586 2480 patrum,
609 2395 686 2482 quid
710 2395 816 2461 Draco
841 2395 958 2480 quidue
977 2392 1079 2462 Solon
1104 2412 1135 2460 10

120 2480 271 2549 Sanxcrit
294 2488 327 2548 et
349 2483 461 2549 Locris
485 2483 609 2548 dederit
632 2506 715 2569 quae
737 2485 810 2549 iura
832 2483 1003 2569 Zaleucus,
1070 2529 1073 2535 -

164 2569 231 2638 sub
254 2572 333 2638 Ioue
357 2594 439 2659 quae
463 2572 583 2656 Minos,
608 2595 690 2658 quac
713 2572 845 2638 Themis
868 2576 943 2638 ante
965 2572 1093 2657 Iovem,

119 2659 209 2726 Nota
232 2662 292 2726 tibi
316 2663 438 2745 potius,
462 2683 558 2747 quam
583 2661 711 2727 Tullius
735 2665 768 2727 et
789 2662 883 2727 Maro
906 2663 1011 2727 nostri

163 2748 209 2813 Et
232 2748 387 2834 quidquid
410 2749 507 2815 Latia
530 2750 679 2816 conditur
702 2749 850 2816 historia.

120 2834 202 2901 Fors
225 2837 307 2902 istos
331 2839 430 2902 etiam
455 2839 518 2903 tihi
540 2839 637 2904 lectio
662 2839 762 2922 longa
785 2839 940 2924 dedisset,
1104 2856 1134 2904 15

166 2923 357 3007 Supremam
381 2924 534 2992 Lachesis
557 2928 591 2992 ni
614 2927 788 2993 celerasset
810 2928 880 2992 iter.

192 3086 227 3135 26
250 3080 494 3152 'mythoplasmata
515 3083 555 3137 V*
578 3100 648 3139 corr.
668 3083 835 3156 Scatiper1,
855 3089 889 3139 14
951 3090 985 3140 2⁷
1007 3083 1090 3140 liberi
1108 3088 1135 3138 et

121 3151 205 3207 ambo
230 3150 271 3204 V*
289 3169 358 3208 corr.
378 3152 513 3218 Schuetz!
530 3155 644 3210 doceret
665 3153 705 3207 V*
723 3171 792 3211 corr.
811 3155 934 3228 Scatiper
951 3162 977 3224 1,
995 3159 1031 3211 14
1102 3159 1136 3209 28

120 3222 199 3277 nasci
216 3221 256 3276 V*
274 3239 342 3278 corr.
362 3223 484 3295 Scaliper
502 3230 528 3291 1,
548 3231 583 3279 14
601 3226 710 3281 nascier
731 3227 874 3282 Palmaria
892 3227 932 3282 sic
950 3227 1030 3282 nasci
1048 3226 1134 3281 Heia-

121 3294 180 3347 sa'as
196 3296 200 3361 Ι
216 3294 330 3362 paribus
352 3293 392 3349 V*
411 3312 480 3352 corr.
499 3296 622 3367 floctiper
639 3303 665 3364 1,
683 3302 720 3352 14

191 3379 270 3435 XXII
288 3382 435 3438 Victorino
457 3384 498 3438 V·
516 3401 584 3440 corr.
604 3385 727 3456 Scaliper
747 3391 773 3452 1,
791 3391 827 3442 15
901 3394 914 3441 1
935 3387 1080 3442 Victoriae
1098 3385 1137 3441 V‘

120 3467 189 3507 corr.
209 3452 332 3524 Scalipcr
351 3454 495 3510 Victorius
514 3472 622 3511 memor
640 3456 734 3513 studio
754 3458 828 3512 celer
842 3457 947 3515 Fruar.
963 3459 1138 3515 Goethalas'as

156 3528 172 3576 2
196 3524 307 3578 assidue
330 3523 369 3578 V*
477 3533 493 3580 ὁ
524 3525 636 3595 quiduis
663 3529 764 3597 Peipcr
790 3528 865 3597 quod
891 3530 934 3584 ius
956 3528 997 3583 V*
1043 3545 1136 3584 scema

121 3594 257 3648 Hamas
346 3603 362 3650 6
388 3596 482 3651 fuerat
506 3597 546 3651 V*
566 3615 635 3654 corr.
656 3599 790 3655 Heinsius
819 3602 823 3669 Ι
852 3599 982 3656 sacrificii
1068 3617 1136 3657 corr.

125 3664 631 3735 VinctussacrificisScalier1,15
739 3677 754 3725 ‘1
779 3671 854 3738 quod
872 3701 906 3712 —
926 3671 1000 3739 quod
1022 3671 1050 3726 V
1068 3688 1136 3728 corr.

123 3735 224 3806 Peiper
295 3742 311 3791 8
331 3736 458 3793 ediderat
475 3685 514 3791 d.
532 3756 600 3795 corr.
620 3742 691 3795 Mem
745 3759 791 3796 aa.
811 3748 904 3798 9-12
922 3743 1139 3814 dittopraphiom

121 3823 251 3862 amaeam
270 3813 342 3864 5-8
360 3810 395 3863 ab
415 3811 474 3878 ipso
488 3810 613 3866 Aesonio
630 3813 734 3878 suctum
746 3812 876 3869 Brcadea
887 3819 972 3883 putot
1018 3820 1034 3869 9
1053 3813 1139 3919 quae}

122 3896 152 3946 q,
176 3876 216 3930 V*
286 3885 318 3933 12
338 3879 406 3948 quid
425 3882 527 3937 themis
549 3881 588 3936 V*
606 3899 675 3938 corr.
695 3883 830 3939 Heinsius
896 3891 928 3940 14
943 3884 1077 3955 quicquid
1099 3884 1122 3939 V
