2430 4274
484 1208 724 1285 Praefatio.

248 1344 268 1400 I.
296 1343 339 1400 Do
358 1343 503 1400 codicibus
522 1344 719 1416 opusculorum
737 1345 972 1403 Ausonianorum.

165 1486 310 1573 Singulis
320 1488 518 1556 carminibus
528 1490 683 1575 librisque
694 1490 833 1576 singulis
843 1490 1008 1557 Ausonius
1018 1515 1112 1578 prae-

94 1577 1112 1666 sationespraemisit,modocurmincscriptasinterdumprosa,

94 1687 183 1731 nuno
206 1670 239 1731 et
261 1688 357 1732 uersu
380 1671 414 1732 et
440 1689 539 1752 prosa
567 1669 715 1734 oratione
738 1669 872 1753 mixtas,
898 1672 935 1733 ut
962 1667 1112 1735 Bissulae

94 1754 422 1840 Technopaegniique
470 1756 730 1839 continuationi,
774 1756 927 1841 misitque
969 1757 1026 1821 uni
1073 1778 1112 1821 er

97 1844 221 1924 amieis,
243 1843 306 1928 uel,
328 1845 414 1928 quod
432 1845 537 1910 rarius
562 1844 696 1929 factum,
719 1844 883 1929 adscripta
902 1845 1007 1910 salute
1025 1865 1112 1910 com-

95 1932 263 1998 mendauit
286 1932 420 2017 „lectori
443 1933 531 2018 suo“,
558 1934 591 1999 id
615 1938 666 1999 est
689 1933 840 1999 omnibus
867 1954 948 2018 quos
972 1934 1022 1998 sui
1045 1937 1112 1999 stu·

96 2021 207 2087 diosus
229 2021 326 2086 sciret
344 2022 379 2086 in
395 2024 517 2088 uuiaet
532 2027 623 2088 extra
642 2023 761 2107 aulam,
783 2023 978 2106 placituram
992 2022 1110 2106 quibus

96 2114 243 2195 speraret
258 2132 355 2194 quem
368 2115 569 2177 tractuuerat
583 2133 660 2191 rem,
674 2113 765 2176 uelut
777 2111 957 2196 Epitaphia
976 2111 1112 2176 heroum

96 2198 288 2264 Troicorum
312 2205 344 2264 et
366 2199 650 2285 Epigrammatum
679 2201 817 2265 alteram
852 2201 980 2264 seriem:
1008 2220 1112 2283 neque

95 2288 158 2438 nilsi
186 2287 335 2389 repetitis
364 2290 448 2353 curis
478 2311 560 2391 quae
586 2289 758 2391 elaboratu
784 2293 896 2442 {siim
923 2289 1112 2441 {el-dmi

98 2381 808 2551 21¹¹e⁰ttt¹532gttztttttttttt
830 2399 1003 2530 ittet
1027 2398 1112 2529 tit

98 2557 198 2636 patet,
220 2574 281 2617 nec
304 2574 458 2638 umquam
487 2553 621 2620 eandem
650 2554 963 2619 commendationem
987 2553 1113 2617 duobus

99 2643 188 2706 misit
212 2643 283 2706 solo
312 2643 444 2707 nomine
472 2643 647 2728 inmutat03
675 2665 750 2709 nam
778 2642 864 2707 falsu
887 2645 937 2706 cst
962 2642 996 2705 in
1019 2662 1068 2725 ep.
1094 2643 1111 2705 l

97 2727 170 2816 (34)
194 2753 223 2794 u.
248 2731 268 2794 9
292 2730 393 2794 Tullii
416 2733 609 2798 coniectura.
652 2733 715 2798 hoc
743 2735 830 2797 recte
858 2730 977 2795 dicitur
1000 2730 1112 2795 cdere

97 2818 148 2882 uel
168 2817 418 2902 publicare.*)
449 2842 527 2884 num
547 2842 742 2905 quamquam
762 2820 848 2904 quod
870 2819 1114 2884 adiudicauerat

97 2912 212 2972 auctor
234 2908 340 2972 amico
364 2913 467 2993 certo,
496 2931 563 2974 non
585 2910 651 2974 ium
675 2908 825 2975 omnibus
848 2908 949 2972 fuisse
971 2906 1113 2971 destina·

99 3000 169 3059 tum
193 3001 227 3060 et
249 2996 446 3081 quibusdam
469 2998 568 3062 etiam
592 2998 633 3062 ab
658 3019 696 3062 eo
720 2996 773 3062 cui
793 2998 928 3061 miserat
951 2996 1031 3060 dene
1057 3015 1128 3058 an·-

97 3083 173 3147 dum
188 3083 288 3149 fnisse
303 3105 341 3149 ex
353 3083 540 3169 Symmachi
554 3086 663 3151 uerbis
682 3085 782 3169 (infra
796 3109 827 3170 p.
837 3084 911 3165 221,
922 3085 965 3149 20
976 3013 1060 3168 5ᾳῶ
1076 3082 1112 3145 li-

97 3171 195 3256 quido
215 3176 361 3258 apparet,
383 3174 446 3238 hoc
469 3179 580 3240 tumen
599 3196 674 3239 raro
696 3174 820 3238 factum
839 3194 909 3238 esse
932 3171 1112 3256 putandum

98 3261 287 3346 ualebitque
310 3262 344 3326 iu
367 3263 556 3328 uniuersum
580 3263 667 3348 quod
689 3262 746 3326 illc
770 3263 829 3327 ait:
857 3261 983 3344 „oratio
1006 3259 1113 3344 publi-

98 3352 171 3414 cata
202 3350 308 3415 libera
335 3354 397 3415 est:
431 3373 503 3416 cum
532 3353 632 3418 semel
660 3373 679 3415 a
707 3356 740 3415 te
772 3350 954 3434 proiectum
982 3370 1113 3414 carmen

98 3441 166 3519 est,
189 3440 240 3503 ius
265 3460 359 3504 omne
382 3440 550 3524 posuisti.“
586 3445 619 3505 et
636 3439 847 3504 mittebantur
871 3438 983 3503 amicis
1006 3438 1111 3503 solum

98 3547 153 3605 ea,
185 3548 269 3612 quae
306 3529 449 3618 expolita
484 3529 564 3594 sutis
597 3529 791 3593 uidebantur
828 3526 1016 3611 auctorique
1054 3548 1111 3591 suo

172 3705 198 3770 *)
218 3701 269 3759 Th.
284 3703 346 3757 Birt
359 3702 389 3758 in
406 3701 492 3758 libro:
512 3704 569 3758 Das
584 3703 681 3759 antike
695 3700 867 3757 Buchwesen
881 3702 910 3755 in
925 3700 1029 3755 seincm
1044 3697 1112 3752 Ver·

98 3771 237 3828 hultnissc
260 3792 308 3829 zur
332 3772 492 3830 Litteratur.
528 3773 622 3830 Berlin
648 3779 730 3846 1882,
752 3789 810 3831 non
827 3772 949 3830 muitum
971 3768 1117 3843 cromouit

97 3843 133 3895 ad
150 3844 224 3897 benc
241 3845 433 3909 quaestorem
454 3846 674 3910 decernendam.
