2430 4274
517 507 756 573 -260-

129 669 204 734 misi
226 667 407 752 legendum.
452 666 514 732 hoe
538 667 625 732 enim
653 667 754 731 malui
782 688 881 750 quam
903 667 974 751 ipse
997 667 1143 751 recitare,

128 761 216 823 esset
238 761 276 821 ut
298 755 359 821 tibi
382 777 518 820 censura
540 755 687 839 liberior,
710 776 793 839 quae
810 755 936 820 duabus
955 756 1063 821 causis
1086 754 1143 821 im·

128 845 233 930 pediri
257 846 354 910 solet:
379 844 465 928 quod
489 864 582 908 aures
600 848 731 908 nostras
750 843 862 908 audita
879 845 1022 909 uelocius
1046 861 1172 928 quamn

130 934 217 1000 lecta
247 936 455 1017 praetereunt
482 936 515 995 et
544 932 629 1017 quod
662 932 832 996 sinceritas
859 932 1026 997 iudicandi
1054 955 1143 1017 prae

130 1023 237 1087 sentia
264 1022 432 1086 recitantis
461 1025 623 1085 oneratur.
667 1041 752 1084 nune
779 1021 840 1085 tibi
864 1024 1040 1105 utrumque
1063 1022 1142 1087 inte

131 1131 225 1197 grum
245 1114 309 1194 est,
327 1110 403 1193 quia
422 1114 455 1173 et
472 1108 593 1194 legenti
612 1108 717 1173 libera
735 1130 827 1173 mora
845 1113 895 1173 est
912 1113 947 1173 et
962 1108 1143 1175 iudicaturo

130 1220 196 1265 non
220 1199 331 1264 obstat
358 1197 463 1263 nostri
491 1197 692 1262 uerecundia.
738 1201 789 1261 set
816 1196 897 1262 heus
925 1201 975 1279 tu,
1003 1198 1050 1262 fili
1077 1198 1144 1263 dul-

130 1287 273 1365 cissime,
300 1286 406 1351 habeo
433 1285 519 1369 quod
548 1285 749 1351 admoneam.
795 1287 823 1350 si
847 1307 912 1370 qua
938 1285 1002 1350 tibi
1030 1287 1067 1351 in
1094 1287 1143 1351 his
1160 1302 1186 1350 10

130 1375 300 1440 uersiculis
324 1374 520 1438 uidebuntur
542 1372 633 1458 (nam
651 1395 777 1454 uereor,
801 1378 838 1439 ut
863 1375 968 1439 multa
991 1373 1073 1458 sint)
1095 1373 1143 1439 fu·

130 1463 234 1528 catius
263 1463 456 1527 concinnata
484 1484 581 1546 quam
609 1463 717 1526 uerius
741 1467 774 1527 et
796 1463 871 1546 plus
899 1462 1020 1528 eoloris
1047 1485 1144 1548 quam

132 1551 200 1616 suci
230 1551 364 1635 habere,
392 1551 461 1635 ipse
485 1552 588 1616 sciens
612 1551 711 1616 fluere
739 1551 884 1635 permisi,
912 1552 1089 1617 uenustula
1109 1557 1145 1617 ut

131 1642 240 1705 essent
264 1640 384 1724 magis,
406 1662 504 1725 quam
527 1639 694 1721 forticula,
718 1640 823 1704 instar
846 1639 1025 1724 uirginum,

673 1767 754 1830 quas
777 1749 899 1810 matres
923 1746 1058 1812 student
1162 1760 1188 1808 ιι

175 1833 334 1899 Demissis
348 1834 468 1898 umeris
479 1855 559 1918 esse,
573 1835 682 1899 uincto
696 1837 836 1918 pectore,
851 1837 887 1898 ut
900 1835 1037 1919 graciles
1053 1835 1145 1900 sient

130 1941 219 2005 nosti
242 1943 356 2005 cetera.
402 1944 550 2023 superest
572 1940 688 2024 igitur,
716 1945 753 2005 ut
776 1939 877 2005 dicas:
905 1939 983 2024 quid
1008 1941 1145 2006 moraris

131 2029 360 2093 iudicationem
386 2049 490 2092 meam
514 2028 553 2092 de
577 2049 628 2105 eo,
656 2029 741 2111 quod
764 2029 835 2112 ipse
857 2029 1052 2111 pronuntias
1076 2050 1145 2094 esse

132 2114 344 2181 mendosum?
364 2115 470 2179 dicam
491 2116 614 2181 seilicet
632 2138 683 2181 me
701 2115 888 2181 huiusmodi
904 2117 1052 2182 uersibus
1068 2117 1145 2182 foris

132 2205 334 2280 erubescere,
358 2207 408 2267 set
431 2204 519 2268 iutra
540 2226 601 2269 nos
625 2206 733 2269 miuus
756 2205 979 2286 uerecundari3
1005 2227 1144 2290 namque
1161 2220 1190 2267 su

204 2412 281 2468 XXH
300 2418 333 2467 16
353 2413 501 2468 Terentius
515 2412 585 2469 Eun.
600 2414 626 2467 Π
641 2420 666 2479 3,
681 2421 715 2469 22
731 2415 805 2482 (313)
817 2429 857 2483 sq.
877 2429 947 2483 quas
964 2415 1072 2468 matres
1091 2417 1146 2469 stu·

132 2485 201 2540 dent
214 2484 342 2540 demissis
360 2485 464 2540 umeris
483 2501 556 2552 esse,
575 2485 671 2540 uincto
690 2487 815 2555 pectore,
835 2488 867 2539 ut
884 2483 1010 2554 gracilae
1029 2484 1112 2540 sient

135 2595 347 2605 w·-

204 2661 305 2733 enoc]
325 2662 395 2717 haec
412 2661 467 2715 sn
520 2667 538 2716 ι
556 2660 672 2716 nuos-101
688 2662 734 2729 1³1
750 2620 863 2731 causei
874 2667 921 2715 ess
941 2660 967 2714 r
1020 2665 1036 2714 s
1056 2661 1147 2731 aura]

132 2782 178 2822 res
199 2768 225 2820 Τ
243 2770 247 2833 1
271 2766 397 2822 betocius
422 2767 482 2834 711
507 2768 605 2839 quam]
626 2746 713 2836 daV
783 2774 799 2822 6
818 2752 980 2837 praetererit
1002 2766 1052 2836 71
1077 2766 1147 2821 indi·

133 2840 195 2911 eddi
220 2854 263 2924 71
280 2855 320 2925 st]
340 2872 373 2910 eo
395 2855 420 2907 Τ
480 2855 667 2910 Vhoneratur
691 2857 734 2927 71
753 2853 778 2911 u
797 2856 878 2910 Nune
897 2855 925 2908 P
985 2857 1065 2909 Sest
1083 2854 1148 2924 quia

135 2992 167 3000 -
187 2960 344 3014 iudicaturo
364 2976 413 3013 em.
430 2961 457 3013 Z
527 2966 543 3014 9
562 2945 715 3016 uereeidia
738 2961 783 3027 71
804 2963 859 3033 set]
886 2961 929 3029 71
950 2977 999 3016 eus
1018 2938 1047 3016 a'
1066 2963 1096 3029 (v
1114 2962 1148 3016 el.

132 3033 179 3101 ss.)
198 3031 224 3084 V
298 3036 331 3083 10
349 3031 422 3085 abeo
443 3030 479 3084 71
504 3033 509 3098 1
538 3032 736 3088 adremoneam
755 3033 808 3102 Ρ1
837 3032 928 3087 inhia
947 3063 982 3072 —
1000 3048 1102 3088 uereor
1118 3034 1150 3086 ut

133 3119 183 3158 ena
204 3101 249 3167 ΖΙ
269 3100 298 3155 in
317 3101 342 3155 is
366 3101 402 3155 V¹
459 3108 490 3156 11
510 3102 602 3157 multfi
623 3104 649 3156 Τ
663 3104 753 3158 mutto
772 3103 798 3158 G
814 3104 819 3171 1
838 3102 973 3174 fucatius]
992 3103 1024 3156 tu
1044 3102 1148 3157 ca'tius

134 3192 163 3259 (v
181 3190 218 3244 at.
236 3189 307 3257 ssd)
332 3190 359 3242 7
382 3190 449 3243 fusa
467 3184 519 3243 cm'
542 3189 569 3244 T
638 3197 670 3245 12
689 3176 839 3247 eoneindta
857 3192 883 3246 V
902 3192 1050 3246 consinsta
1071 3192 1099 3245 P

136 3266 169 3315 11
187 3260 290 3315 habere
310 3277 393 3330 quam
413 3260 471 3314 suci
491 3260 536 3330 Ρ1
557 3263 632 3316 succi
653 3263 728 3332 ΤθΙ
749 3263 832 3317 abere
857 3263 893 3315 V¹
912 3263 1015 3316 habere
1034 3261 1148 3317 uidean-

133 3336 180 3387 tur
198 3332 224 3386 G
246 3336 249 3398 1
275 3332 372 3403 fluere]
392 3332 457 3386 flere
476 3332 505 3385 P
574 3338 608 3386 14
627 3335 675 3388 δότ
695 3334 721 3386 Τ
737 3336 812 3388 esset
830 3333 856 3388 G
877 3336 881 3400 1
902 3333 1034 3387 fertieula
1053 3332 1082 3387 P
1096 3333 1149 3387 fer·

133 3419 213 3474 ticila
233 3419 284 3490 1³¹)
340 3427 373 3474 15
392 3421 489 3476 studet
512 3420 538 3472 V
591 3427 624 3474 16
643 3421 767 3476 dimissis
789 3421 826 3475 V'
845 3423 865 3490 (i
883 3439 926 3490 pr.
945 3423 977 3475 in
995 3424 1075 3490 ras),
1093 3420 1149 3477 PL

135 3489 258 3546 Terentii
275 3493 354 3547 schel.
373 3496 377 3556 1
397 3492 500 3546 umeris
519 3491 555 3544 71
574 3490 698 3546 humeris
718 3493 833 3562 V'PZ!
853 3491 950 3547 uincto
965 3491 1103 3562 —igitur
1120 3495 1150 3547 ut

134 3577 185 3616 om.
201 3561 249 3632 ΤΙ
274 3562 351 3616 nicto
376 3561 401 3613 V
417 3563 513 3616 iuncto
534 3562 560 3615 G
581 3573 585 3630 1
609 3567 724 3633 pectere
743 3579 804 3618 esse
824 3564 869 3632 Gt
890 3559 1018 3633 gra'eiles
1043 3563 1096 3631 71
1120 3565 1152 3618 ut

134 3631 307 3702 graciles-
325 3630 414 3702 igitur
432 3636 465 3687 ut
482 3633 579 3688 orn.G
608 3637 612 3700 1
642 3634 698 3689 sint
717 3636 746 3689 P
818 3640 849 3688 11
870 3634 961 3689 dieas:
980 3633 1040 3688 icas
1056 3651 1101 3703 pr.
1120 3636 1152 3689 in

134 3720 188 3759 ras.
210 3703 236 3757 Τ
259 3710 263 3770 1
293 3703 373 3775 quid]
393 3723 419 3774 q,
441 3704 467 3758 G
540 3709 573 3758 18
592 3703 652 3775 ipse
670 3722 721 3760 om.
743 3706 769 3758 Τ
840 3711 872 3760 19
891 3705 954 3760 nius
978 3704 1016 3757 71
1040 3707 1045 3772 1
1075 3704 1152 3760 modi

135 3775 226 3830 om.P
278 3776 385 3860 auset]
411 3775 437 3829 V
453 3776 502 3831 sed
518 3776 631 3846 Pised
650 3807 685 3816 -
703 3793 757 3847 ego
775 3777 864 3832 oruZ
878 3780 883 3846 1
899 3776 1085 3832 bereeundasi
1103 3775 1149 3845 71

134 3863 269 3934 namque]
287 3864 379 3933 naq'a
401 3863 428 3918 V
