<?xml version="1.0" encoding="UTF-8"?>
<!DOCTYPE html PUBLIC "-//W3C//DTD XHTML 1.0 Transitional//EN"
    "http://www.w3.org/TR/xhtml1/DTD/xhtml1-transitional.dtd">
<html xmlns="http://www.w3.org/1999/xhtml" xml:lang="en" lang="en">
 <head>
  <title>
</title>
<meta http-equiv="Content-Type" content="text/html;charset=utf-8" />
  <meta name='ocr-system' content='tesseract 3.04.00' />
  <meta name='ocr-capabilities' content='ocr_page ocr_carea ocr_par ocr_line ocrx_word'/>
</head>
<body>
  <div class='ocr_page' id='page_1' title='image "./decimimagniavso00ausogoog_0325.png"; bbox 0 0 2430 4274; ppageno 0'>
   <div class='ocr_carea' id='block_1_1' title="bbox 519 527 762 595">
    <p class='ocr_par' dir='ltr' id='par_1_1' title="bbox 519 527 762 595">
     <span class='ocr_line' id='line_1_1' title="bbox 519 527 762 595; baseline 0.016 -4"><span class='ocrx_word' id='word_1_1' title='bbox 519 527 762 595; x_wconf 81' lang='lat'>-192-</span> 
     </span>
    </p>
   </div>
   <div class='ocr_carea' id='block_1_2' title="bbox 78 681 826 756">
    <p class='ocr_par' dir='ltr' id='par_1_2' title="bbox 78 681 826 756">
     <span class='ocr_line' id='line_1_2' title="bbox 78 681 826 756; baseline -0.012 -11"><span class='ocrx_word' id='word_1_2' title='bbox 78 703 135 756; x_wconf 70' lang='lat' dir='ltr'>[arri</span> <span class='ocrx_word' id='word_1_3' title='bbox 442 683 529 738; x_wconf 85' lang='lat' dir='ltr'><strong>XVII.</strong></span> <span class='ocrx_word' id='word_1_4' title='bbox 549 683 587 740; x_wconf 83' lang='grc' dir='ltr'>Μ.</span> <span class='ocrx_word' id='word_1_5' title='bbox 602 681 826 738; x_wconf 83' lang='lat' dir='ltr'><strong>ANTONINVS.</strong></span> 
     </span>
    </p>
   </div>
   <div class='ocr_carea' id='block_1_3' title="bbox 131 790 1151 1142">
    <p class='ocr_par' dir='ltr' id='par_1_3' title="bbox 131 790 960 876">
     <span class='ocr_line' id='line_1_3' title="bbox 131 790 960 876; baseline -0.004 -17"><span class='ocrx_word' id='word_1_6' title='bbox 131 793 212 859; x_wconf 88' lang='lat' dir='ltr'>Post</span> <span class='ocrx_word' id='word_1_7' title='bbox 235 792 345 858; x_wconf 87' lang='lat' dir='ltr'>Marco</span> <span class='ocrx_word' id='word_1_8' title='bbox 368 791 473 856; x_wconf 88' lang='lat' dir='ltr'>tutela</span> <span class='ocrx_word' id='word_1_9' title='bbox 496 792 604 876; x_wconf 81' lang='lat' dir='ltr'>datur3</span> <span class='ocrx_word' id='word_1_10' title='bbox 628 792 683 876; x_wconf 91' lang='lat' dir='ltr'>qui</span> <span class='ocrx_word' id='word_1_11' title='bbox 707 792 789 856; x_wconf 79' lang='lat' dir='ltr'>scita</span> <span class='ocrx_word' id='word_1_12' title='bbox 813 790 960 856; x_wconf 77' lang='lat' dir='ltr'><strong>Platonis</strong></span> 
     </span>
    </p>

    <p class='ocr_par' dir='ltr' id='par_1_4' title="bbox 132 877 1151 1051">
     <span class='ocr_line' id='line_1_4' title="bbox 175 877 1151 964; baseline -0.001 -19"><span class='ocrx_word' id='word_1_13' title='bbox 175 881 282 946; x_wconf 86' lang='lat' dir='ltr'>Flexit</span> <span class='ocrx_word' id='word_1_14' title='bbox 305 881 345 945; x_wconf 89' lang='lat' dir='ltr'>ad</span> <span class='ocrx_word' id='word_1_15' title='bbox 368 880 553 964; x_wconf 89' lang='lat' dir='ltr'>imperium,</span> <span class='ocrx_word' id='word_1_16' title='bbox 576 885 668 963; x_wconf 87' lang='lat' dir='ltr'>patre</span> <span class='ocrx_word' id='word_1_17' title='bbox 691 877 750 944; x_wconf 94' lang='lat' dir='ltr'>Pio</span> <span class='ocrx_word' id='word_1_18' title='bbox 775 880 897 944; x_wconf 89' lang='lat' dir='ltr'>melior.</span> <span class='ocrx_word' id='word_1_19' title='bbox 1116 897 1151 946; x_wconf 79' lang='lat'>‘10</span> 
     </span>
     <span class='ocr_line' id='line_1_5' title="bbox 132 968 963 1051; baseline -0.004 -16"><span class='ocrx_word' id='word_1_20' title='bbox 132 968 324 1035; x_wconf 75' lang='lat' dir='ltr'>Successore</span> <span class='ocrx_word' id='word_1_21' title='bbox 348 990 407 1033; x_wconf 87' lang='lat' dir='ltr'>suo</span> <span class='ocrx_word' id='word_1_22' title='bbox 430 971 584 1050; x_wconf 89' lang='lat' dir='ltr'>moriens,</span> <span class='ocrx_word' id='word_1_23' title='bbox 608 974 659 1033; x_wconf 92' lang='lat' dir='ltr'>set</span> <span class='ocrx_word' id='word_1_24' title='bbox 681 968 824 1051; x_wconf 83' lang='lat' dir='ltr'>principe</span> <span class='ocrx_word' id='word_1_25' title='bbox 848 990 963 1051; x_wconf 88' lang='lat' dir='ltr'>prauo,</span> 
     </span>
    </p>

    <p class='ocr_par' dir='ltr' id='par_1_5' title="bbox 176 1056 905 1142">
     <span class='ocr_line' id='line_1_6' title="bbox 176 1056 905 1142; baseline -0.005 -19"><span class='ocrx_word' id='word_1_26' title='bbox 176 1058 247 1124; x_wconf 86' lang='lat' dir='ltr'>Hoc</span> <span class='ocrx_word' id='word_1_27' title='bbox 271 1057 341 1123; x_wconf 88' lang='lat' dir='ltr'>solo</span> <span class='ocrx_word' id='word_1_28' title='bbox 365 1058 505 1141; x_wconf 81' lang='lat' dir='ltr'>patriae,</span> <span class='ocrx_word' id='word_1_29' title='bbox 527 1057 615 1141; x_wconf 91' lang='lat' dir='ltr'>quod</span> <span class='ocrx_word' id='word_1_30' title='bbox 638 1056 763 1142; x_wconf 82' lang='lat' dir='ltr'>genuit,</span> <span class='ocrx_word' id='word_1_31' title='bbox 786 1056 905 1120; x_wconf 78' lang='lat' dir='ltr'>nocuit.</span> 
     </span>
    </p>
   </div>
   <div class='ocr_carea' id='block_1_4' title="bbox 78 1210 809 1284">
    <p class='ocr_par' dir='ltr' id='par_1_6' title="bbox 78 1210 809 1284">
     <span class='ocr_line' id='line_1_7' title="bbox 78 1210 809 1284; baseline -0.015 -8"><span class='ocrx_word' id='word_1_32' title='bbox 78 1235 136 1284; x_wconf 73' lang='lat' dir='ltr'>[aa]</span> <span class='ocrx_word' id='word_1_33' title='bbox 471 1212 569 1267; x_wconf 84' lang='lat' dir='ltr'>xvm.</span> <span class='ocrx_word' id='word_1_34' title='bbox 597 1210 809 1268; x_wconf 79' lang='lat' dir='ltr'><strong>OOMMODVS.</strong></span> 
     </span>
    </p>
   </div>
   <div class='ocr_carea' id='block_1_5' title="bbox 131 1321 1150 1652">
    <p class='ocr_par' dir='ltr' id='par_1_7' title="bbox 132 1321 1079 1495">
     <span class='ocr_line' id='line_1_8' title="bbox 132 1321 1079 1407; baseline -0.001 -18"><span class='ocrx_word' id='word_1_35' title='bbox 132 1321 329 1389; x_wconf 84' lang='lat' dir='ltr'><strong>Commodus</strong></span> <span class='ocrx_word' id='word_1_36' title='bbox 352 1323 550 1407; x_wconf 89' lang='lat' dir='ltr'>insequitur,</span> <span class='ocrx_word' id='word_1_37' title='bbox 573 1322 692 1407; x_wconf 80' lang='lat' dir='ltr'>pugnis</span> <span class='ocrx_word' id='word_1_38' title='bbox 716 1321 900 1386; x_wconf 89' lang='lat' dir='ltr'>maculosus</span> <span class='ocrx_word' id='word_1_39' title='bbox 924 1321 1079 1406; x_wconf 81' lang='lat' dir='ltr'>harenae,</span> 
     </span>
     <span class='ocr_line' id='line_1_9' title="bbox 175 1409 968 1495; baseline 0.001 -21"><span class='ocrx_word' id='word_1_40' title='bbox 175 1409 385 1476; x_wconf 85' lang='lat' dir='ltr'>Thraecidico</span> <span class='ocrx_word' id='word_1_41' title='bbox 409 1413 557 1494; x_wconf 89' lang='lat' dir='ltr'>princeps</span> <span class='ocrx_word' id='word_1_42' title='bbox 583 1411 668 1475; x_wconf 88' lang='lat' dir='ltr'>bella</span> <span class='ocrx_word' id='word_1_43' title='bbox 691 1431 825 1474; x_wconf 88' lang='lat' dir='ltr'>mouens</span> <span class='ocrx_word' id='word_1_44' title='bbox 849 1410 968 1495; x_wconf 83' lang='lat' dir='ltr'>gladio.</span> 
     </span>
    </p>

    <p class='ocr_par' dir='ltr' id='par_1_8' title="bbox 131 1499 1150 1652">
     <span class='ocr_line' id='line_1_10' title="bbox 131 1499 1150 1584; baseline 0.002 -19"><span class='ocrx_word' id='word_1_45' title='bbox 131 1499 224 1565; x_wconf 83' lang='lat' dir='ltr'>Eliso</span> <span class='ocrx_word' id='word_1_46' title='bbox 249 1499 377 1564; x_wconf 88' lang='lat' dir='ltr'>tandem</span> <span class='ocrx_word' id='word_1_47' title='bbox 402 1500 590 1584; x_wconf 88' lang='lat' dir='ltr'>persoluens</span> <span class='ocrx_word' id='word_1_48' title='bbox 614 1503 745 1584; x_wconf 83' lang='lat' dir='ltr'>gutture</span> <span class='ocrx_word' id='word_1_49' title='bbox 769 1520 905 1583; x_wconf 89' lang='lat' dir='ltr'>poenas,</span> <span class='ocrx_word' id='word_1_50' title='bbox 1115 1517 1150 1567; x_wconf 72' lang='grc' dir='ltr'>ἰδ</span> 
     </span>
     <span class='ocr_line' id='line_1_11' title="bbox 177 1586 868 1652; baseline -0.003 0"><span class='ocrx_word' id='word_1_51' title='bbox 177 1587 374 1652; x_wconf 83' lang='lat' dir='ltr'>Criminibus</span> <span class='ocrx_word' id='word_1_52' title='bbox 397 1588 505 1652; x_wconf 84' lang='lat' dir='ltr'>fassus</span> <span class='ocrx_word' id='word_1_53' title='bbox 529 1589 643 1652; x_wconf 89' lang='lat' dir='ltr'>matris</span> <span class='ocrx_word' id='word_1_54' title='bbox 667 1586 868 1652; x_wconf 83' lang='lat' dir='ltr'>adulterium.</span> 
     </span>
    </p>
   </div>
   <div class='ocr_carea' id='block_1_6' title="bbox 78 1741 897 1813">
    <p class='ocr_par' dir='ltr' id='par_1_9' title="bbox 78 1741 897 1813">
     <span class='ocr_line' id='line_1_12' title="bbox 78 1741 897 1813; baseline -0.011 -8"><span class='ocrx_word' id='word_1_55' title='bbox 78 1763 136 1813; x_wconf 71' lang='lat' dir='ltr'>[aas]</span> <span class='ocrx_word' id='word_1_56' title='bbox 382 1741 496 1798; x_wconf 85' lang='lat' dir='ltr'><strong>XVIIII.</strong></span> <span class='ocrx_word' id='word_1_57' title='bbox 524 1741 682 1798; x_wconf 83' lang='lat' dir='ltr'><strong>HELVIVS</strong></span> <span class='ocrx_word' id='word_1_58' title='bbox 702 1741 897 1798; x_wconf 81' lang='lat' dir='ltr'><strong>PERTINAX.</strong></span> 
     </span>
    </p>
   </div>
   <div class='ocr_carea' id='block_1_7' title="bbox 131 1852 1151 2202">
    <p class='ocr_par' dir='ltr' id='par_1_10' title="bbox 131 1852 1151 2202">
     <span class='ocr_line' id='line_1_13' title="bbox 131 1852 857 1938; baseline -0.001 -20"><span class='ocrx_word' id='word_1_59' title='bbox 131 1852 244 1938; x_wconf 90' lang='lat' dir='ltr'>Helui,</span> <span class='ocrx_word' id='word_1_60' title='bbox 266 1853 384 1918; x_wconf 92' lang='lat' dir='ltr'>iudicio</span> <span class='ocrx_word' id='word_1_61' title='bbox 407 1857 440 1917; x_wconf 92' lang='lat' dir='ltr'>et</span> <span class='ocrx_word' id='word_1_62' title='bbox 462 1853 609 1917; x_wconf 88' lang='lat' dir='ltr'>consulto</span> <span class='ocrx_word' id='word_1_63' title='bbox 632 1852 714 1917; x_wconf 87' lang='lat' dir='ltr'>lecte</span> <span class='ocrx_word' id='word_1_64' title='bbox 738 1852 857 1936; x_wconf 86' lang='lat' dir='ltr'>senati,</span> 
     </span>
     <span class='ocr_line' id='line_1_14' title="bbox 177 1941 895 2025; baseline -0.003 -19"><span class='ocrx_word' id='word_1_65' title='bbox 177 1942 331 2025; x_wconf 83' lang='lat' dir='ltr'>Princeps</span> <span class='ocrx_word' id='word_1_66' title='bbox 355 1942 491 2007; x_wconf 76' lang='lat' dir='ltr'>decretis</span> <span class='ocrx_word' id='word_1_67' title='bbox 515 1941 656 2024; x_wconf 86' lang='lat' dir='ltr'>prodite,</span> <span class='ocrx_word' id='word_1_68' title='bbox 678 1962 745 2005; x_wconf 91' lang='lat' dir='ltr'>non</span> <span class='ocrx_word' id='word_1_69' title='bbox 769 1941 895 2006; x_wconf 89' lang='lat' dir='ltr'>studiis.</span> 
     </span>
     <span class='ocr_line' id='line_1_15' title="bbox 132 2028 1006 2114; baseline -0.001 -20"><span class='ocrx_word' id='word_1_70' title='bbox 132 2028 224 2106; x_wconf 81' lang='lat' dir='ltr'>Quod</span> <span class='ocrx_word' id='word_1_71' title='bbox 249 2029 354 2094; x_wconf 91' lang='lat' dir='ltr'>doluit</span> <span class='ocrx_word' id='word_1_72' title='bbox 377 2030 460 2093; x_wconf 90' lang='lat' dir='ltr'>male</span> <span class='ocrx_word' id='word_1_73' title='bbox 484 2030 549 2094; x_wconf 87' lang='lat' dir='ltr'>fida</span> <span class='ocrx_word' id='word_1_74' title='bbox 572 2029 701 2114; x_wconf 85' lang='lat' dir='ltr'>cohors,</span> <span class='ocrx_word' id='word_1_75' title='bbox 725 2050 832 2093; x_wconf 90' lang='lat' dir='ltr'>errore</span> <span class='ocrx_word' id='word_1_76' title='bbox 855 2029 1006 2113; x_wconf 86' lang='lat' dir='ltr'>probato,</span> 
     </span>
     <span class='ocr_line' id='line_1_16' title="bbox 177 2116 1151 2202; baseline 0.002 -19"><span class='ocrx_word' id='word_1_77' title='bbox 177 2116 274 2183; x_wconf 85' lang='lat' dir='ltr'>Curia</span> <span class='ocrx_word' id='word_1_78' title='bbox 297 2117 384 2201; x_wconf 91' lang='lat' dir='ltr'>quod</span> <span class='ocrx_word' id='word_1_79' title='bbox 407 2119 523 2184; x_wconf 89' lang='lat' dir='ltr'>castris</span> <span class='ocrx_word' id='word_1_80' title='bbox 546 2125 689 2184; x_wconf 87' lang='lat' dir='ltr'>cesserat</span> <span class='ocrx_word' id='word_1_81' title='bbox 711 2119 856 2202; x_wconf 88' lang='lat' dir='ltr'>imperio.</span> <span class='ocrx_word' id='word_1_82' title='bbox 1116 2135 1151 2185; x_wconf 80' lang='lat'>80</span> 
     </span>
    </p>
   </div>
   <div class='ocr_carea' id='block_1_8' title="bbox 79 2270 846 2343">
    <p class='ocr_par' dir='ltr' id='par_1_11' title="bbox 79 2270 846 2343">
     <span class='ocr_line' id='line_1_17' title="bbox 79 2270 846 2343; baseline -0.008 -8"><span class='ocrx_word' id='word_1_83' title='bbox 79 2294 137 2343; x_wconf 76' lang='lat' dir='ltr'>[aas]</span> <span class='ocrx_word' id='word_1_84' title='bbox 437 2271 497 2328; x_wconf 63' lang='lat' dir='ltr'>XX</span> <span class='ocrx_word' id='word_1_85' title='bbox 521 2270 645 2327; x_wconf 80' lang='lat' dir='ltr'>Dinlvs</span> <span class='ocrx_word' id='word_1_86' title='bbox 663 2273 846 2329; x_wconf 81' lang='lat' dir='ltr'><strong>IVLIANVS.</strong></span> 
     </span>
    </p>
   </div>
   <div class='ocr_carea' id='block_1_9' title="bbox 132 2380 1114 2734">
    <p class='ocr_par' dir='ltr' id='par_1_12' title="bbox 132 2380 1057 2556">
     <span class='ocr_line' id='line_1_18' title="bbox 132 2380 1057 2468; baseline 0 -21"><span class='ocrx_word' id='word_1_87' title='bbox 132 2381 175 2448; x_wconf 92' lang='lat' dir='ltr'>Di</span> <span class='ocrx_word' id='word_1_88' title='bbox 198 2383 293 2466; x_wconf 89' lang='lat' dir='ltr'>bene,</span> <span class='ocrx_word' id='word_1_89' title='bbox 316 2382 402 2467; x_wconf 90' lang='lat' dir='ltr'>quod</span> <span class='ocrx_word' id='word_1_90' title='bbox 425 2381 545 2467; x_wconf 87' lang='lat' dir='ltr'>sceptri</span> <span class='ocrx_word' id='word_1_91' title='bbox 568 2380 682 2447; x_wconf 92' lang='lat' dir='ltr'>Didius</span> <span class='ocrx_word' id='word_1_92' title='bbox 706 2403 771 2447; x_wconf 88' lang='lat' dir='ltr'>non</span> <span class='ocrx_word' id='word_1_93' title='bbox 795 2383 916 2468; x_wconf 81' lang='lat' dir='ltr'>gaudet</span> <span class='ocrx_word' id='word_1_94' title='bbox 939 2382 1057 2466; x_wconf 82' lang='lat' dir='ltr'>opimis</span> 
     </span>
     <span class='ocr_line' id='line_1_19' title="bbox 176 2470 908 2556; baseline -0.003 -19"><span class='ocrx_word' id='word_1_95' title='bbox 176 2471 222 2537; x_wconf 83' lang='lat' dir='ltr'>Et</span> <span class='ocrx_word' id='word_1_96' title='bbox 245 2471 310 2536; x_wconf 90' lang='lat' dir='ltr'>cito</span> <span class='ocrx_word' id='word_1_97' title='bbox 333 2471 463 2555; x_wconf 89' lang='lat' dir='ltr'>periuro</span> <span class='ocrx_word' id='word_1_98' title='bbox 487 2472 632 2556; x_wconf 90' lang='lat' dir='ltr'>praemia</span> <span class='ocrx_word' id='word_1_99' title='bbox 656 2470 808 2555; x_wconf 89' lang='lat' dir='ltr'>adempta</span> <span class='ocrx_word' id='word_1_100' title='bbox 831 2472 908 2536; x_wconf 90' lang='lat' dir='ltr'>seni.</span> 
     </span>
    </p>

    <p class='ocr_par' dir='ltr' id='par_1_13' title="bbox 132 2558 1114 2734">
     <span class='ocr_line' id='line_1_20' title="bbox 132 2558 1114 2645; baseline -0.001 -20"><span class='ocrx_word' id='word_1_101' title='bbox 132 2559 257 2645; x_wconf 81' lang='lat' dir='ltr'>Tuque,</span> <span class='ocrx_word' id='word_1_102' title='bbox 281 2558 398 2625; x_wconf 86' lang='lat' dir='ltr'>Seuere</span> <span class='ocrx_word' id='word_1_103' title='bbox 421 2564 531 2644; x_wconf 86' lang='lat' dir='ltr'>pater,</span> <span class='ocrx_word' id='word_1_104' title='bbox 554 2560 685 2624; x_wconf 89' lang='lat' dir='ltr'>titulum</span> <span class='ocrx_word' id='word_1_105' title='bbox 709 2582 749 2623; x_wconf 88' lang='lat' dir='ltr'>ne</span> <span class='ocrx_word' id='word_1_106' title='bbox 771 2561 922 2625; x_wconf 89' lang='lat' dir='ltr'>horresce</span> <span class='ocrx_word' id='word_1_107' title='bbox 947 2561 1114 2625; x_wconf 87' lang='lat' dir='ltr'>nouantis.</span> 
     </span>
     <span class='ocr_line' id='line_1_21' title="bbox 176 2649 952 2734; baseline -0.004 -19"><span class='ocrx_word' id='word_1_108' title='bbox 176 2650 253 2715; x_wconf 89' lang='lat' dir='ltr'>Non</span> <span class='ocrx_word' id='word_1_109' title='bbox 276 2649 363 2732; x_wconf 90' lang='lat' dir='ltr'>rapit</span> <span class='ocrx_word' id='word_1_110' title='bbox 386 2649 558 2734; x_wconf 88' lang='lat' dir='ltr'>imperium</span> <span class='ocrx_word' id='word_1_111' title='bbox 582 2650 632 2712; x_wconf 91' lang='lat' dir='ltr'>uis</span> <span class='ocrx_word' id='word_1_112' title='bbox 654 2655 725 2730; x_wconf 89' lang='lat' dir='ltr'>tua,</span> <span class='ocrx_word' id='word_1_113' title='bbox 749 2649 804 2712; x_wconf 87' lang='lat' dir='ltr'>sed</span> <span class='ocrx_word' id='word_1_114' title='bbox 826 2649 952 2733; x_wconf 86' lang='lat' dir='ltr'>recipit</span> 
     </span>
    </p>
   </div>
   <div class='ocr_carea' id='block_1_10' title="bbox 131 2785 1152 2999">
    <p class='ocr_par' dir='ltr' id='par_1_14' title="bbox 131 2785 1152 2999">
     <span class='ocr_line' id='line_1_22' title="bbox 205 2785 1152 2870; baseline -0.001 -28"><span class='ocrx_word' id='word_1_115' title='bbox 205 2796 238 2843; x_wconf 85' lang='grc'>69</span> <span class='ocrx_word' id='word_1_116' title='bbox 257 2788 309 2841; x_wconf 90' lang='lat' dir='ltr'>lul.</span> <span class='ocrx_word' id='word_1_117' title='bbox 330 2787 537 2870; x_wconf 68' lang='lat' dir='ltr'>Capitolinidi.</span> <span class='ocrx_word' id='word_1_118' title='bbox 552 2785 882 2870; x_wconf 36' lang='lat' dir='ltr'>Ant.,Philosophus·2⁷,</span> <span class='ocrx_word' id='word_1_119' title='bbox 898 2793 913 2841; x_wconf 82' lang='lat'>&#39;1</span> <span class='ocrx_word' id='word_1_120' title='bbox 934 2786 1073 2868; x_wconf 80' lang='lat' dir='ltr'>sententia</span> <span class='ocrx_word' id='word_1_121' title='bbox 1087 2785 1152 2841; x_wconf 88' lang='lat' dir='ltr'>Pla·</span> 
     </span>
     <span class='ocr_line' id='line_1_23' title="bbox 131 2857 1152 2929; baseline -0.001 -15"><span class='ocrx_word' id='word_1_122' title='bbox 131 2858 207 2914; x_wconf 85' lang='lat' dir='ltr'>tonis</span> <span class='ocrx_word' id='word_1_123' title='bbox 230 2874 340 2929; x_wconf 88' lang='lat' dir='ltr'>semper</span> <span class='ocrx_word' id='word_1_124' title='bbox 363 2876 393 2912; x_wconf 88' lang='lat' dir='ltr'>m</span> <span class='ocrx_word' id='word_1_125' title='bbox 418 2876 465 2913; x_wconf 90' lang='lat' dir='ltr'>ore</span> <span class='ocrx_word' id='word_1_126' title='bbox 489 2857 566 2912; x_wconf 83' lang='lat' dir='ltr'>llllus</span> <span class='ocrx_word' id='word_1_127' title='bbox 589 2857 645 2911; x_wconf 81' lang='lat' dir='ltr'>furt</span> <span class='ocrx_word' id='word_1_128' title='bbox 662 2858 760 2913; x_wconf 89' lang='lat' dir='ltr'>florere</span> <span class='ocrx_word' id='word_1_129' title='bbox 780 2859 922 2926; x_wconf 84' lang='lat' dir='ltr'>crurtatcs,</span> <span class='ocrx_word' id='word_1_130' title='bbox 947 2875 971 2911; x_wconf 82' lang='lat' dir='ltr'>si</span> <span class='ocrx_word' id='word_1_131' title='bbox 990 2859 1040 2912; x_wconf 85' lang='lat' dir='ltr'>aut</span> <span class='ocrx_word' id='word_1_132' title='bbox 1058 2858 1152 2928; x_wconf 91' lang='lat' dir='ltr'>philo·</span> 
     </span>
     <span class='ocr_line' id='line_1_24' title="bbox 132 2928 951 2999; baseline 0 -16"><span class='ocrx_word' id='word_1_133' title='bbox 132 2929 214 2998; x_wconf 81' lang='lat' dir='ltr'>sophi</span> <span class='ocrx_word' id='word_1_134' title='bbox 234 2930 405 2998; x_wconf 85' lang='lat' dir='ltr'>imperarent</span> <span class='ocrx_word' id='word_1_135' title='bbox 423 2932 471 2982; x_wconf 84' lang='lat' dir='ltr'>cut</span> <span class='ocrx_word' id='word_1_136' title='bbox 490 2929 659 2997; x_wconf 84' lang='lat' dir='ltr'>imperantes</span> <span class='ocrx_word' id='word_1_137' title='bbox 677 2928 951 2999; x_wconf 84' lang='lat' dir='ltr'>philosopharentur.</span> 
     </span>
    </p>
   </div>
   <div class='ocr_carea' id='block_1_11' title="bbox 131 3067 1155 3622">
    <p class='ocr_par' dir='ltr' id='par_1_15' title="bbox 131 3067 1153 3343">
     <span class='ocr_line' id='line_1_25' title="bbox 204 3067 1153 3140; baseline -0.001 -15"><span class='ocrx_word' id='word_1_138' title='bbox 204 3069 281 3125; x_wconf 81' lang='lat' dir='ltr'><strong>XVII</strong></span> <span class='ocrx_word' id='word_1_139' title='bbox 304 3069 333 3122; x_wconf 80' lang='lat' dir='ltr'>M</span> <span class='ocrx_word' id='word_1_140' title='bbox 354 3068 381 3124; x_wconf 88' lang='lat' dir='ltr'><strong><em>V</em></strong></span> <span class='ocrx_word' id='word_1_141' title='bbox 397 3069 450 3124; x_wconf 88' lang='lat' dir='ltr'>.M.</span> <span class='ocrx_word' id='word_1_142' title='bbox 473 3067 528 3124; x_wconf 77' lang='lat' dir='ltr'>To</span> <span class='ocrx_word' id='word_1_143' title='bbox 547 3068 659 3125; x_wconf 84' lang='lat' dir='ltr'>Marcus</span> <span class='ocrx_word' id='word_1_144' title='bbox 674 3076 731 3126; x_wconf 79' lang='lat' dir='ltr'>cett.</span> <span class='ocrx_word' id='word_1_145' title='bbox 748 3072 754 3140; x_wconf 88' lang='grc' dir='ltr'>Ι</span> <span class='ocrx_word' id='word_1_146' title='bbox 770 3070 906 3126; x_wconf 80' lang='lat' dir='ltr'>Antonius</span> <span class='ocrx_word' id='word_1_147' title='bbox 922 3070 981 3126; x_wconf 75' lang='lat' dir='ltr'>Tc</span> <span class='ocrx_word' id='word_1_148' title='bbox 995 3070 1153 3140; x_wconf 86' lang='lat' dir='ltr'>imperator</span> 
     </span>
     <span class='ocr_line' id='line_1_26' title="bbox 132 3138 1151 3213; baseline -0.002 -16"><span class='ocrx_word' id='word_1_149' title='bbox 132 3144 195 3197; x_wconf 81' lang='lat' dir='ltr'>odd.</span> <span class='ocrx_word' id='word_1_150' title='bbox 218 3141 243 3194; x_wconf 87' lang='grc' dir='ltr'><em>Τ</em></span> <span class='ocrx_word' id='word_1_151' title='bbox 249 3141 275 3196; x_wconf 77' lang='lat' dir='ltr'><em>G</em></span> <span class='ocrx_word' id='word_1_152' title='bbox 290 3141 295 3208; x_wconf 85' lang='grc' dir='ltr'>Ι</span> <span class='ocrx_word' id='word_1_153' title='bbox 310 3138 426 3194; x_wconf 82' lang='lat' dir='ltr'>Marcho</span> <span class='ocrx_word' id='word_1_154' title='bbox 448 3141 491 3210; x_wconf 83' lang='grc' dir='ltr'>ΤΙ</span> <span class='ocrx_word' id='word_1_155' title='bbox 507 3140 556 3208; x_wconf 89' lang='lat' dir='ltr'>qui</span> <span class='ocrx_word' id='word_1_156' title='bbox 575 3141 658 3212; x_wconf 85' lang='lat' dir='ltr'>scita]</span> <span class='ocrx_word' id='word_1_157' title='bbox 679 3143 809 3211; x_wconf 81' lang='lat' dir='ltr'>quaesita</span> <span class='ocrx_word' id='word_1_158' title='bbox 824 3142 850 3195; x_wconf 91' lang='lat' dir='ltr'><em>Z</em></span> <span class='ocrx_word' id='word_1_159' title='bbox 920 3148 936 3196; x_wconf 79' lang='lat'><strong>2</strong></span> <span class='ocrx_word' id='word_1_160' title='bbox 956 3141 1060 3213; x_wconf 81' lang='lat' dir='ltr'>Flexit]</span> <span class='ocrx_word' id='word_1_161' title='bbox 1079 3141 1151 3195; x_wconf 91' lang='lat' dir='ltr'>Foe-</span> 
     </span>
     <span class='ocr_line' id='line_1_27' title="bbox 131 3210 1151 3336; baseline -0.001 -69"><span class='ocrx_word' id='word_1_162' title='bbox 131 3211 169 3267; x_wconf 83' lang='lat' dir='ltr'>i¹x</span> <span class='ocrx_word' id='word_1_163' title='bbox 192 3211 314 3336; x_wconf 50' lang='lat' dir='ltr'>ngrus</span> <span class='ocrx_word' id='word_1_164' title='bbox 334 3210 373 3266; x_wconf 82' lang='lat' dir='ltr'><strong><em>M</em></strong></span> <span class='ocrx_word' id='word_1_165' title='bbox 440 3219 456 3265; x_wconf 85' lang='grc'><strong>3</strong></span> <span class='ocrx_word' id='word_1_166' title='bbox 476 3211 531 3282; x_wconf 89' lang='lat' dir='ltr'>set]</span> <span class='ocrx_word' id='word_1_167' title='bbox 550 3210 593 3281; x_wconf 75' lang='lat' dir='ltr'>Vi</span> <span class='ocrx_word' id='word_1_168' title='bbox 609 3212 709 3283; x_wconf 87' lang='lat' dir='ltr'>prauo]</span> <span class='ocrx_word' id='word_1_169' title='bbox 729 3227 796 3285; x_wconf 77' lang='lat' dir='ltr'>seno</span> <span class='ocrx_word' id='word_1_170' title='bbox 815 3213 843 3266; x_wconf 91' lang='lat' dir='ltr'><em>B</em></span> <span class='ocrx_word' id='word_1_171' title='bbox 913 3218 931 3266; x_wconf 81' lang='lat'>4</span> <span class='ocrx_word' id='word_1_172' title='bbox 949 3214 1043 3285; x_wconf 73' lang='lat' dir='ltr'>patrie</span> <span class='ocrx_word' id='word_1_173' title='bbox 1063 3212 1151 3281; x_wconf 89' lang='lat' dir='ltr'>(patri</span> 
     </span>
     <span class='ocr_line' id='line_1_28' title="bbox 134 3286 278 3343; baseline 0.035 -5"><span class='ocrx_word' id='word_1_174' title='bbox 134 3286 220 3343; x_wconf 64' lang='lat' dir='ltr'>aoso)</span> <span class='ocrx_word' id='word_1_175' title='bbox 268 3290 278 3318; x_wconf 83' lang='lat'><strong>¹</strong></span> 
     </span>
    </p>

    <p class='ocr_par' dir='ltr' id='par_1_16' title="bbox 204 3352 1155 3423">
     <span class='ocr_line' id='line_1_29' title="bbox 204 3352 1155 3423; baseline 0.001 -16"><span class='ocrx_word' id='word_1_176' title='bbox 204 3352 295 3407; x_wconf 84' lang='lat' dir='ltr'><strong>XVIII</strong></span> <span class='ocrx_word' id='word_1_177' title='bbox 309 3353 464 3423; x_wconf 79' lang='lat' dir='ltr'>imperator</span> <span class='ocrx_word' id='word_1_178' title='bbox 478 3353 540 3407; x_wconf 85' lang='lat' dir='ltr'>add.</span> <span class='ocrx_word' id='word_1_179' title='bbox 559 3353 615 3408; x_wconf 75' lang='lat' dir='ltr'>Tc</span> <span class='ocrx_word' id='word_1_180' title='bbox 670 3361 684 3407; x_wconf 89' lang='lat'>1</span> <span class='ocrx_word' id='word_1_181' title='bbox 702 3353 835 3407; x_wconf 86' lang='lat' dir='ltr'>comodus</span> <span class='ocrx_word' id='word_1_182' title='bbox 852 3353 895 3423; x_wconf 83' lang='grc' dir='ltr'>ΤΙ</span> <span class='ocrx_word' id='word_1_183' title='bbox 911 3368 1012 3409; x_wconf 86' lang='lat' dir='ltr'>arenae</span> <span class='ocrx_word' id='word_1_184' title='bbox 1026 3353 1155 3408; x_wconf 80' lang='grc' dir='ltr'><strong><em>αΒΤΜ</em></strong></span> 
     </span>
    </p>

    <p class='ocr_par' dir='ltr' id='par_1_17' title="bbox 131 3423 1154 3622">
     <span class='ocr_line' id='line_1_30' title="bbox 167 3423 1154 3492; baseline 0.001 -14"><span class='ocrx_word' id='word_1_185' title='bbox 167 3430 184 3478; x_wconf 76' lang='lat'><strong>2</strong></span> <span class='ocrx_word' id='word_1_186' title='bbox 204 3424 380 3479; x_wconf 70' lang='lat' dir='ltr'>Threcidicae</span> <span class='ocrx_word' id='word_1_187' title='bbox 400 3425 419 3478; x_wconf 94' lang='lat' dir='ltr'>h</span> <span class='ocrx_word' id='word_1_188' title='bbox 438 3440 471 3478; x_wconf 80' lang='lat' dir='ltr'>ac</span> <span class='ocrx_word' id='word_1_189' title='bbox 490 3441 504 3477; x_wconf 94' lang='lat' dir='ltr'>r</span> <span class='ocrx_word' id='word_1_190' title='bbox 522 3439 590 3479; x_wconf 79' lang='lat' dir='ltr'>corr.</span> <span class='ocrx_word' id='word_1_191' title='bbox 613 3424 638 3477; x_wconf 84' lang='grc' dir='ltr'><strong><em>Τ</em></strong></span> <span class='ocrx_word' id='word_1_192' title='bbox 655 3424 843 3492; x_wconf 82' lang='lat' dir='ltr'>Threcidiquo</span> <span class='ocrx_word' id='word_1_193' title='bbox 867 3424 902 3477; x_wconf 87' lang='lat' dir='ltr'>V¹</span> <span class='ocrx_word' id='word_1_194' title='bbox 921 3423 1065 3479; x_wconf 73' lang='lat' dir='ltr'>Ihecidico</span> <span class='ocrx_word' id='word_1_195' title='bbox 1085 3424 1154 3479; x_wconf 88' lang='lat' dir='ltr'>PM</span> 
     </span>
     <span class='ocr_line' id='line_1_31' title="bbox 134 3493 1094 3622; baseline 0 -73"><span class='ocrx_word' id='word_1_196' title='bbox 134 3495 137 3566; x_wconf 74' lang='lat' dir='ltr'>i</span> <span class='ocrx_word' id='word_1_197' title='bbox 158 3494 234 3619; x_wconf 39' lang='lat' dir='ltr'>{eilia</span> <span class='ocrx_word' id='word_1_198' title='bbox 251 3496 367 3622; x_wconf 48' lang='lat' dir='ltr'>mihin?</span> <span class='ocrx_word' id='word_1_199' title='bbox 390 3495 448 3620; x_wconf 60' lang='grc' dir='ltr'>ΨΒ</span> <span class='ocrx_word' id='word_1_200' title='bbox 498 3501 514 3548; x_wconf 85' lang='grc'><strong>3</strong></span> <span class='ocrx_word' id='word_1_201' title='bbox 533 3493 695 3565; x_wconf 82' lang='lat' dir='ltr'>persolbens</span> <span class='ocrx_word' id='word_1_202' title='bbox 718 3494 762 3565; x_wconf 71' lang='lat' dir='ltr'>Vi</span> <span class='ocrx_word' id='word_1_203' title='bbox 778 3499 879 3566; x_wconf 80' lang='lat' dir='ltr'>guture</span> <span class='ocrx_word' id='word_1_204' title='bbox 898 3498 943 3564; x_wconf 81' lang='grc' dir='ltr'>ΣΙ</span> <span class='ocrx_word' id='word_1_205' title='bbox 960 3511 1047 3565; x_wconf 85' lang='lat' dir='ltr'>penas</span> <span class='ocrx_word' id='word_1_206' title='bbox 1065 3495 1094 3550; x_wconf 93' lang='lat' dir='ltr'><strong><em>P</em></strong></span> 
     </span>
     <span class='ocr_line' id='line_1_32' title="bbox 131 3567 401 3621; baseline -0.004 0"><span class='ocrx_word' id='word_1_207' title='bbox 131 3573 150 3621; x_wconf 79' lang='lat'>4</span> <span class='ocrx_word' id='word_1_208' title='bbox 180 3583 255 3620; x_wconf 83' lang='lat' dir='ltr'>aeus</span> <span class='ocrx_word' id='word_1_209' title='bbox 334 3567 401 3620; x_wconf 81' lang='lat' dir='ltr'>auis</span> 
     </span>
    </p>
   </div>
   <div class='ocr_carea' id='block_1_12' title="bbox 31 3643 1150 3786">
    <p class='ocr_par' dir='ltr' id='par_1_18' title="bbox 31 3643 1150 3786">
     <span class='ocr_line' id='line_1_33' title="bbox 31 3643 1150 3716; baseline 0.002 -18"><span class='ocrx_word' id='word_1_210' title='bbox 31 3654 122 3710; x_wconf 80' lang='grc' dir='ltr'>γΒΡ</span> <span class='ocrx_word' id='word_1_211' title='bbox 204 3645 306 3700; x_wconf 85' lang='lat' dir='ltr'><strong>XVIIII</strong></span> <span class='ocrx_word' id='word_1_212' title='bbox 327 3645 455 3700; x_wconf 88' lang='lat' dir='ltr'>Helinius</span> <span class='ocrx_word' id='word_1_213' title='bbox 478 3644 505 3698; x_wconf 80' lang='lat' dir='ltr'><strong>V</strong></span> <span class='ocrx_word' id='word_1_214' title='bbox 570 3644 699 3700; x_wconf 86' lang='lat' dir='ltr'>1Heliui</span> <span class='ocrx_word' id='word_1_215' title='bbox 718 3643 881 3716; x_wconf 73' lang='lat' dir='ltr'>Visenati]</span> <span class='ocrx_word' id='word_1_216' title='bbox 906 3643 977 3700; x_wconf 81' lang='lat' dir='ltr'>V¹P</span> <span class='ocrx_word' id='word_1_217' title='bbox 1043 3644 1150 3700; x_wconf 75' lang='lat' dir='ltr'>cada:</span> 
     </span>
     <span class='ocr_line' id='line_1_34' title="bbox 132 3715 747 3786; baseline 0 -15"><span class='ocrx_word' id='word_1_218' title='bbox 132 3723 169 3777; x_wconf 83' lang='lat' dir='ltr'>da</span> <span class='ocrx_word' id='word_1_219' title='bbox 188 3733 221 3771; x_wconf 77' lang='lat' dir='ltr'>cr</span> <span class='ocrx_word' id='word_1_220' title='bbox 239 3717 273 3772; x_wconf 84' lang='lat' dir='ltr'>de</span> <span class='ocrx_word' id='word_1_221' title='bbox 293 3720 338 3786; x_wconf 78' lang='grc' dir='ltr'>ΣΙ</span> <span class='ocrx_word' id='word_1_222' title='bbox 354 3717 475 3786; x_wconf 84' lang='lat' dir='ltr'>quohore</span> <span class='ocrx_word' id='word_1_223' title='bbox 497 3715 533 3770; x_wconf 89' lang='lat' dir='ltr'>V¹</span> <span class='ocrx_word' id='word_1_224' title='bbox 548 3718 554 3786; x_wconf 87' lang='grc' dir='ltr'>Ι</span> <span class='ocrx_word' id='word_1_225' title='bbox 569 3718 687 3786; x_wconf 85' lang='lat' dir='ltr'>prouato</span> <span class='ocrx_word' id='word_1_226' title='bbox 711 3715 747 3771; x_wconf 87' lang='lat' dir='ltr'>V¹</span> 
     </span>
    </p>
   </div>
   <div class='ocr_carea' id='block_1_13' title="bbox 133 3795 1155 3938">
    <p class='ocr_par' dir='ltr' id='par_1_19' title="bbox 133 3795 1155 3938">
     <span class='ocr_line' id='line_1_35' title="bbox 204 3795 1152 3866; baseline 0.001 -18"><span class='ocrx_word' id='word_1_227' title='bbox 204 3795 254 3848; x_wconf 80' lang='lat' dir='ltr'>XX</span> <span class='ocrx_word' id='word_1_228' title='bbox 275 3801 289 3849; x_wconf 92' lang='lat'>1</span> <span class='ocrx_word' id='word_1_229' title='bbox 304 3795 351 3850; x_wconf 91' lang='lat' dir='ltr'>Dii</span> <span class='ocrx_word' id='word_1_230' title='bbox 361 3797 388 3850; x_wconf 90' lang='lat' dir='ltr'><em>B</em></span> <span class='ocrx_word' id='word_1_231' title='bbox 403 3795 487 3851; x_wconf 90' lang='lat' dir='ltr'>dicP</span> <span class='ocrx_word' id='word_1_232' title='bbox 507 3796 625 3865; x_wconf 82' lang='lat' dir='ltr'>sceptris</span> <span class='ocrx_word' id='word_1_233' title='bbox 638 3795 739 3851; x_wconf 80' lang='lat' dir='ltr'>Vcorr.</span> <span class='ocrx_word' id='word_1_234' title='bbox 752 3795 852 3866; x_wconf 79' lang='lat' dir='ltr'>Pcs&#39;per</span> <span class='ocrx_word' id='word_1_235' title='bbox 861 3795 975 3853; x_wconf 86' lang='lat' dir='ltr'>sceleris</span> <span class='ocrx_word' id='word_1_236' title='bbox 985 3797 1042 3851; x_wconf 88' lang='grc' dir='ltr'>ΒΣ</span> <span class='ocrx_word' id='word_1_237' title='bbox 1050 3795 1152 3851; x_wconf 86' lang='lat' dir='ltr'>celeris</span> 
     </span>
     <span class='ocr_line' id='line_1_36' title="bbox 133 3865 1155 3938; baseline 0.001 -17"><span class='ocrx_word' id='word_1_238' title='bbox 133 3865 162 3921; x_wconf 93' lang='lat' dir='ltr'><strong><em>P</em></strong></span> <span class='ocrx_word' id='word_1_239' title='bbox 174 3866 270 3936; x_wconf 79' lang='lat' dir='ltr'>spoliis</span> <span class='ocrx_word' id='word_1_240' title='bbox 280 3866 411 3937; x_wconf 80' lang='lat' dir='ltr'>Lupdan.</span> <span class='ocrx_word' id='word_1_241' title='bbox 423 3866 426 3938; x_wconf 72' lang='lat' dir='ltr'>i</span> <span class='ocrx_word' id='word_1_242' title='bbox 438 3883 494 3921; x_wconf 90' lang='lat' dir='ltr'>non</span> <span class='ocrx_word' id='word_1_243' title='bbox 519 3866 559 3936; x_wconf 83' lang='lat' dir='ltr'>qd</span> <span class='ocrx_word' id='word_1_244' title='bbox 568 3867 596 3921; x_wconf 93' lang='lat' dir='ltr'><strong><em>B</em></strong></span> <span class='ocrx_word' id='word_1_245' title='bbox 607 3868 610 3937; x_wconf 77' lang='lat' dir='ltr'>i</span> <span class='ocrx_word' id='word_1_246' title='bbox 622 3866 737 3937; x_wconf 86' lang='lat' dir='ltr'>opimis:</span> <span class='ocrx_word' id='word_1_247' title='bbox 753 3868 812 3922; x_wconf 81' lang='lat' dir='ltr'>sci.</span> <span class='ocrx_word' id='word_1_248' title='bbox 824 3869 889 3923; x_wconf 82' lang='lat' dir='ltr'>odd.</span> <span class='ocrx_word' id='word_1_249' title='bbox 899 3871 927 3923; x_wconf 92' lang='grc' dir='ltr'><em>Σ</em></span> <span class='ocrx_word' id='word_1_250' title='bbox 969 3873 986 3922; x_wconf 82' lang='lat'>8</span> <span class='ocrx_word' id='word_1_251' title='bbox 1001 3883 1111 3922; x_wconf 83' lang='lat' dir='ltr'>orrcace</span> <span class='ocrx_word' id='word_1_252' title='bbox 1128 3866 1155 3922; x_wconf 77' lang='lat' dir='ltr'><strong>V</strong></span> 
     </span>
    </p>
   </div>
   <div class='ocr_carea' id='block_1_14' title="bbox 0 0 1223 4274">
    <p class='ocr_par' dir='ltr' id='par_1_20' title="bbox 0 0 1223 4274">
     <span class='ocr_line' id='line_1_37' title="bbox 0 0 1223 4274; baseline 0 0"><span class='ocrx_word' id='word_1_253' title='bbox 0 0 1223 4274; x_wconf 95' lang='lat' dir='ltr'> </span> 
     </span>
    </p>
   </div>
  </div>
 </body>
</html>
