2430 4274
634 34 638 61 Ι

633 68 638 83 r

521 533 743 598 ..32-

126 691 408 778 Tumproiugum
431 691 466 756 in
488 691 598 776 terris,
622 712 682 776 per
703 712 783 776 quas
807 691 948 777 erumpit
970 690 1113 759 Aturrus

170 780 378 866 Tarbellique
401 779 492 845 furor
513 781 691 865 perstrepit
715 782 841 864 ooeani,

126 868 316 935 Grassantis
341 868 460 934 dudum
484 868 633 934 fortunae
655 869 722 934 tela
744 873 918 953 pauentem

170 959 328 1043 Pauperis
351 958 510 1023 Aemiliae
533 957 682 1023 condicio
703 958 861 1042 inplieuit.

126 1046 203 1112 Mox
226 1047 332 1112 tenuis
356 1048 459 1113 multo
483 1048 632 1131 quaesite
653 1047 792 1131 pecunia
813 1047 889 1113 nisu
1111 1064 1143 1114 lo

172 1134 325 1202 Solamen
347 1135 448 1219 fesso,
471 1157 537 1201 non
561 1139 594 1201 et
616 1156 694 1219 opes
717 1135 845 1201 tribuit.

126 1223 176 1291 Tu
200 1225 282 1290 caeli
305 1246 458 1290 numeros
483 1228 516 1289 et
539 1225 669 1289 conseia
695 1224 801 1289 sidera
824 1224 884 1288 fati

171 1311 322 1380 Gallebas
347 1313 490 1378 studium
513 1313 756 1378 dissimulanter
780 1333 889 1398 agens.

126 1400 204 1468 Non
226 1403 342 1487 ignota
363 1401 426 1467 tibi
448 1405 580 1466 nostrae
602 1423 730 1486 quoque
752 1401 894 1467 formula
916 1401 1019 1485 uitae,

172 1488 318 1577 Signatis
342 1512 438 1576 quam
462 1494 499 1556 tu
522 1490 713 1556 condideras
736 1491 871 1575 tabulis,
1108 1506 1143 1556 20

127 1578 261 1644 Prodita
283 1600 348 1645 non
371 1601 538 1663 umquam3
561 1580 616 1644 sed
641 1580 755 1645 matris
779 1601 857 1644 eura
878 1579 1009 1662 retexit,

173 1666 291 1734 Sedula
316 1690 414 1753 quam
437 1668 544 1733 timidi
567 1690 644 1734 eura
666 1668 799 1754 tegebat
821 1668 884 1733 aui.

127 1756 176 1822 Tu
199 1757 313 1822 nonies
337 1758 438 1823 denos
462 1758 564 1822 uitam
588 1779 660 1822 eum
683 1756 814 1823 duxeris
837 1777 954 1840 annos,

172 1846 334 1930 Expertus
358 1845 465 1911 Fortis
488 1846 556 1912 tela
577 1845 720 1912 cauenda
742 1845 834 1924 deae,

128 1934 296 1999 Amissum
318 1935 406 2000 flesti
428 1956 487 2019 per
508 1935 595 1999 trina
618 1934 774 2001 daoennia
796 1937 911 1998 natum
1107 1949 1142 1999 aa

173 2022 320 2088 Saucius:
344 2023 406 2087 hoe
429 2023 495 2088 leto
518 2024 641 2089 lumina
665 2045 775 2089 cassus
799 2044 879 2088 eras.

127 2109 266 2176 Dicebas
291 2111 346 2175 sed
370 2114 403 2175 te
426 2112 547 2176 solacia
570 2112 671 2197 longa
693 2114 817 2194 fouere,

173 2198 266 2274 Quod
290 2221 362 2264 mea
385 2201 578 2283 praecipuus
600 2200 670 2266 fata
693 2203 841 2265 maneret
862 2199 977 2266 honos.

127 2288 173 2354 Et
195 2288 291 2353 modo
315 2288 461 2354 consiliis
485 2289 665 2354 animarum
690 2289 789 2353 mixte
813 2289 959 2372 priorum

171 2376 255 2442 Fata
278 2377 325 2442 tui
349 2381 436 2442 certe
458 2382 539 2442 nota
561 2380 690 2463 nepotis
714 2378 825 2443 habes.
1109 2394 1143 2443 ³0

128 2463 250 2551 Sentis,
319 2464 361 2531 od
384 2472 551 2551 quaestor,
575 2467 661 2551 quod
684 2471 717 2532 ta
740 2465 932 2550 praefectus
947 2470 980 2531 et
1002 2465 1087 2531 idem

172 2554 280 2622 Consu
318 2554 498 2622 honorifico
522 2578 654 2621 munere
678 2577 893 2622 conmemoro.

74 2785 133 2834 [aas]
280 2764 312 2818 V.
341 2764 496 2820 AEMILIA
515 2764 715 2821 CORINTHIA
735 2764 866 2820 MAVItA
884 2763 983 2822 AVIA.

127 2891 302 2956 Aemiliam
325 2912 412 2955 nuno
434 2890 502 2956 fare
527 2892 646 2976 auiam,
671 2893 725 2978 pia
748 2914 826 2958 oure
848 2892 991 2977 nepotis,

173 2977 322 3044 Coniunx
345 2980 508 3063 praedicto
533 3003 614 3066 quae
638 2982 701 3047 fuit
723 2981 873 3047 Arborio.
892 3021 896 3029 ·

127 3066 256 3134 Nomen
278 3067 353 3132 huie
376 3069 518 3134 ioculare
542 3069 668 3135 datum:
697 3075 769 3136 outa
792 3070 886 3136 fusca
909 3070 995 3155 quod
1019 3070 1098 3135 olIm

200 3249 232 3298 18
251 3246 411 3313 grassantes
436 3243 462 3297 V
478 3260 547 3299 corr.
566 3244 698 3316 madan.
719 3247 724 3315 Ι
747 3246 898 3315 pabentem
923 3244 950 3299 V
1020 3251 1054 3300 14
1075 3245 1145 3300 ami-

126 3313 164 3368 lie
186 3313 214 3367 V
264 3320 297 3368 16
316 3315 390 3370 fesso
409 3315 542 3388 Lugdun.
561 3315 635 3371 ferro
661 3316 688 3370 V
741 3323 773 3372 17
793 3316 861 3370 fatis
883 3315 910 3370 V
925 3333 994 3372 corr.
1009 3317 1144 3387 Lupdua.

181 3390 213 3439 19
232 3385 351 3458 ignoslta
372 3385 400 3440 V
468 3393 500 3441 21
521 3405 590 3443 non:
609 3388 657 3443 alt.
676 3405 695 3441 n
713 3389 746 3442 ia
764 3404 819 3443 raa.
838 3389 876 3442 al.
901 3387 927 3441 V
950 3390 955 3457 Ι
978 3388 1009 3443 in
1027 3388 1098 3444 atris
1122 3388 1150 3443 V

126 3471 195 3511 sorr.
215 3457 346 3512 Pithoeus
404 3463 438 3512 22
459 3459 534 3528 quod
553 3458 688 3513 Hessius
706 3475 761 3527 quo
786 3459 831 3527 Vl
853 3459 900 3513 aui
918 3459 1049 3530 Laepdan.
1069 3460 1100 3515 ui
1120 3459 1148 3513 V

179 3533 214 3581 23
232 3528 331 3583 nobies
355 3528 399 3600 Vl
415 3529 491 3585 uitae
510 3531 570 3584 Aet
585 3533 590 3598 Ι
606 3547 692 3599 quum
711 3530 737 3584 V
794 3536 830 3584 24
849 3529 932 3603 deae]
952 3531 1006 3586 dae
1029 3531 1057 3585 V
1072 3547 1145 3587 corr.

125 3597 256 3666 Lapdua.
312 3605 346 3654 25
365 3600 439 3654 flesti
453 3601 577 3672 Scaliper
595 3607 621 3668 1,
636 3607 655 3657 8
674 3601 742 3656 fletu
760 3601 805 3671 V}
820 3618 871 3671 per
887 3602 988 3670 Perper
1006 3606 1073 3673 post
1092 3602 1119 3656 V

125 3670 244 3740 nlatum:
269 3689 288 3724 n
307 3672 343 3726 al.
363 3673 395 3725 in
411 3689 467 3727 raa.
493 3672 519 3726 V
589 3678 623 3728 26
647 3673 758 3729 oaletuo
782 3671 808 3726 V
832 3674 885 3728 hoo
909 3673 967 3729 leto
986 3674 1117 3729 Braadas

127 3741 251 3813 casanell:
273 3760 286 3796 s
305 3743 336 3796 in
353 3760 408 3798 raa
429 3745 465 3798 al.
485 3745 529 3813 (ea
542 3746 623 3812 mar)
643 3742 670 3797 V
720 3749 754 3798 29
769 3744 858 3799 mixta
877 3745 903 3799 V
915 3761 984 3802 corr.
1002 3745 1117 3801 Vinctus

119 3810 236 3878 piorum
255 3814 300 3868 ael
316 3813 428 3884 piarum
453 3814 566 3870 Vinctus
637 3821 672 3871 30
691 3815 758 3871 abas
784 3815 806 3870 V

187 3899 215 3953 V
236 3921 333 3959 suram
354 3923 485 3962 conium
509 3904 537 3963 V
606 3905 747 3963 taoniux
766 3904 794 3960 V
