2430 4274
460 538 677 604 -99..

60 698 140 765 Inde
162 696 310 764 Dionaeo
332 698 539 783 praefulgens
561 697 665 763 Iulius
688 702 777 763 astro

103 787 251 853 Aestatis
274 787 399 851 mediae
421 790 572 870 tempore
595 792 682 851 certa
704 790 802 852 tenet

60 877 230 963 Augustus
254 875 403 960 sequitur
423 880 598 960 cognatum
622 896 642 939 a
665 872 804 941 Caesare
826 897 959 959 nomen,
1040 891 1074 941 15

104 964 225 1030 Ordine
249 965 295 1029 sic
318 964 395 1028 anni
418 964 601 1048 proximus,
622 968 660 1029 ut
682 964 821 1048 generis.

57 1053 245 1119 Nectuntur
267 1056 342 1136 post
365 1053 426 1117 hos
450 1074 682 1136 numerumque
705 1075 744 1117 ex
769 1053 880 1117 ordine
904 1052 1036 1138 signant

104 1141 308 1226 September,
331 1140 452 1206 Bacchi
475 1162 608 1205 munere
631 1141 742 1225 praela
765 1143 889 1226 rigans,

55 1231 102 1296 ut
128 1230 183 1315 qui
208 1230 362 1294 sementis
385 1251 444 1313 per
465 1232 616 1314 tempora
638 1229 772 1295 faenore
795 1231 900 1294 laetus

103 1319 246 1384 October
269 1318 377 1403 cupidi
401 1339 492 1401 spem
515 1318 606 1383 fouet
629 1318 806 1404 agricolae,
992 1378 996 1387 ‚
1040 1332 1075 1383 20

56 1407 186 1492 Quique
210 1408 279 1473 salo
303 1426 454 1491 mergens
477 1406 649 1472 sollemnia
672 1408 767 1493 signa
788 1406 978 1473 Nouember

104 1496 317 1579 Praecipitat,
341 1496 430 1560 caelo
454 1517 528 1560 mox
551 1496 694 1560 reditura
718 1519 785 1561 suo·

56 1583 264 1651 Concludene
286 1605 458 1651 numerum
481 1584 623 1669 genialia
645 1584 731 1650 festa
754 1583 933 1650 December

104 1672 209 1757 Finit,
231 1679 268 1738 ut
291 1696 311 1738 a
334 1673 451 1738 bruma
472 1695 548 1737 mor
571 1694 677 1738 nouus
700 1694 804 1738 annus
827 1677 890 1738 eat.

10 1939 50 1979 m
67 1938 116 1989 rese
130 1936 222 1986 sein]
249 1916 298 1971 DE
317 1915 448 1971 TRIBVS
467 1915 680 1971 MENSTRVIS
698 1914 890 1973 MENSVVM.

59 2062 119 2126 Bis
144 2083 238 2126 senas
263 2083 347 2127 enno
371 2068 502 2146 reparat
524 2061 648 2126 Lucina
670 2061 828 2127 kalendas

57 2151 104 2215 Et
127 2150 263 2215 totidem
288 2150 411 2215 medias
436 2150 492 2215 dat
515 2172 641 2216 currere
664 2149 812 2235 Iuppiter
834 2150 907 2215 idus

58 2238 290 2323 Nonarumque
315 2239 400 2303 diem
423 2239 548 2304 fuciunt
570 2239 656 2303 infra
679 2243 752 2304 octo
778 2239 917 2305 secundi.

59 2326 151 2392 Haec
173 2331 249 2392 sunt
271 2326 419 2393 Romano
443 2331 573 2393 tantum
596 2327 661 2392 tria
682 2328 817 2392 nemina
840 2328 958 2412 mensi3

60 2414 178 2481 Cetera
201 2438 259 2501 per
281 2438 434 2481 numeres
458 2421 535 2481 sunt
557 2422 773 2500 cognomenta
797 2416 930 2480 dierum.
1057 2429 1073 2479 5

10 2645 132 2749 Ἧῦῗῖῗ
166 2677 332 2745 ovorum
351 2678 434 2733 nias
453 2677 536 2733 sinu
553 2676 739 2734 ususvvn
757 2675 1005 2733 sruevnonvn.

57 2823 190 2908 Inplent
214 2824 354 2889 tricenas
377 2845 436 2908 per
459 2824 589 2909 singule
612 2827 779 2888 menstrua
801 2823 889 2888 luces

57 2911 172 2977 Iunius
195 2912 387 2997 Aprilisque
410 2916 539 2979 etcum
562 2910 753 2995 Septembre
775 2911 971 2979 Nouember.

56 3000 168 3065 Vnum
190 3005 241 3066 ter
264 3001 355 3066 denis
379 3002 574 3066 cumulatius
598 3001 678 3065 adde
702 3001 816 3066 diebus

59 3090 119 3154 Per
143 3094 268 3173 septem
292 3110 432 3172 menses,
455 3088 527 3154 lani
550 3088 728 3174 Martisque
751 3090 897 3155 kalendis

55 3178 101 3243 Et
126 3200 206 3262 quas
229 3179 335 3243 Maius
359 3178 442 3262 agit,
466 3200 546 3263 quas
569 3177 670 3243 Iulius
694 3180 926 3262 Augustusque
1056 3194 1074 3242 5

54 3266 101 3331 Et
125 3289 207 3352 quas
230 3266 372 3332 October
396 3268 584 3350 positusque
607 3267 642 3330 in
663 3266 727 3331 fine
751 3267 939 3332 December.

129 3480 162 3531 18
180 3476 262 3532 bacci
285 3476 313 3531 V
381 3481 415 3530 20
435 3474 550 3530 octuber
573 3474 616 3542 Vl
632 3475 710 3530 fobet
732 3474 759 3529 V
827 3482 860 3530 21
879 3478 1032 3534 nobember
1050 3477 1077 3531 V

53 3554 90 3602 24
108 3547 199 3602 nebus
221 3548 264 3615 Vl
288 3553 375 3603 ennu⁸
393 3550 417 3615 (a
436 3548 472 3602 ul.
491 3549 537 3615 ee.)
562 3545 588 3598 V

126 3653 180 3707 XII
206 3673 343 3709 aarum:
368 3672 386 3707 v
400 3670 446 3724 pr.
469 3655 501 3708 in
523 3669 578 3708 rae.
602 3652 637 3706 Vl
708 3652 823 3709 einum
846 3655 999 3709 Mommm
1102 3656 1131 3708 V

53 3732 209 3780 nomana
228 3729 276 3793 (na
293 3726 326 3780 in
344 3742 381 3780 no
400 3726 447 3793 al.)
471 3724 497 3778 V
566 3730 717 3778 enumero
740 3724 775 3778 V¹
795 3727 817 3795 (a
836 3727 871 3779 ul.
890 3728 937 3794 ee.)

128 3830 194 3886 Xlll
211 3825 330 3886 n¹r⁸s1xr
353 3831 380 3884 V
448 3831 634 3886 2nobembur
656 3830 682 3884 V
751 3831 903 3886 bterrenis
926 3831 961 3885 V¹
984 3832 989 3901 Ι
1013 3845 1071 3899 qua
1101 3833 1128 3884 V

57 3903 94 3956 V¹
117 3904 122 3970 Ι
146 3903 264 3973 agustus
287 3902 313 3956 V
383 3903 533 3958 doctuber

875 3989 911 4044 ’μ
