2430 4274
510 533 732 600 ..33-

150 694 317 780 Aequales
339 693 426 757 inter
448 691 563 759 Maura
585 697 703 758 uocata
726 693 796 759 fuit.

108 784 170 851 Sed
192 805 261 850 non
284 785 357 847 atra
380 782 502 865 animo,
526 782 582 866 qui
606 782 723 847 clarior
747 785 832 847 esset
856 782 945 848 olore
1108 799 1124 848 ὁ

151 872 196 938 Et
219 894 285 937 uon
308 871 433 936 calcata
455 871 510 955 qui
533 871 609 935 uiue
633 870 806 935 candidior.

106 961 152 1029 Ilt
175 983 243 1027 non
267 959 391 1024 deliciis
414 960 582 1044 ignoscere
606 963 758 1044 prompte
780 959 939 1044 pudendis

152 1050 204 1115 Ad
227 1048 494 1134 perpendiculum
518 1070 615 1133 seque
638 1068 780 1132 suosque
803 1047 928 1113 habuit.

106 1138 198 1204 Haec
221 1160 274 1202 me
296 1143 505 1222 praereptum
528 1138 619 1203 cunis
644 1143 677 1202 et
698 1137 741 1202 ab
764 1137 862 1202 ubere
884 1136 1001 1202 matris

151 1225 280 1292 Blanda
304 1226 364 1291 sub
389 1226 527 1291 austeris
549 1227 657 1292 inbuit
678 1226 823 1310 inperiis.
1091 1241 1123 1290 10

107 1314 315 1401 'I'rauquillos
340 1317 432 1380 auiae
455 1315 579 1380 cineres
602 1319 779 1400 praestate,
802 1314 903 1399 quieti
1148 1311 1149 1314 '

152 1404 332 1470 Aeternum
356 1425 482 1490 manes,
505 1405 533 1469 si
556 1404 612 1488 pie
633 1405 734 1469 uerba
757 1405 880 1487 loquor.

66 1617 109 1668 κει
142 1596 189 1652 Vl.
210 1593 366 1650 AEMILIA
382 1594 536 1650 HILARIA
554 1594 777 1650 MATERTERA
797 1594 910 1650 VIRGO
929 1592 1087 1649 DEVOTA.

108 1707 222 1790 Tuque
245 1705 348 1790 gradu
372 1705 501 1788 generis
524 1709 714 1788 matertera,
737 1704 793 1768 sed
816 1704 887 1768 uice
911 1704 1025 1767 matris

154 1794 295 1859 Adfectu
318 1795 388 1859 nati
411 1794 692 1859 commemorande
714 1794 781 1877 pio,

108 1883 265 1964 Aemilia,
287 1881 323 1946 in
346 1883 436 1947 cunis
459 1880 566 1947 Hilari
590 1903 771 1968 cognomen
794 1881 924 1964 adepta,

155 1970 248 2048 Quod
271 1972 358 2035 laeta
381 1975 414 2036 et
436 1971 527 2054 pueri
551 1971 652 2035 comis
675 1970 716 2034 ad
739 1970 894 2055 effigiem:

108 2060 280 2126 Reddebas
303 2081 415 2124 uerum
439 2081 502 2125 uon
529 2060 772 2124 dissimulanter
795 2058 967 2142 ephebum,
1108 2073 1124 2122 c

154 2149 244 2213 More
267 2148 373 2212 uirum
397 2148 529 2212 medicis
553 2149 678 2213 artibus
702 2148 878 2232 experiens.

109 2237 254 2302 Feminei
278 2258 374 2301 sexus
399 2237 507 2302 odium
531 2237 591 2301 tibi
616 2259 742 2320 semper
765 2242 797 2300 et
820 2236 894 2300 inde

155 2325 268 2391 Creuit
290 2325 425 2390 deuotae
449 2326 647 2412 uirginitatis
670 2347 770 2389 amor.

109 2414 199 2492 Quae
222 2414 284 2477 tibi
308 2418 459 2498 septenos
482 2415 594 2479 nouies
619 2420 670 2477 est
692 2415 779 2478 culta
802 2434 859 2495 per
883 2433 986 2476 annos

155 2502 281 2588 Quique
305 2503 375 2567 aeui
400 2503 488 2586 finis,
511 2503 580 2587 ipse
604 2501 787 2587 pudicitiae.
1093 2515 1125 2564 10

109 2592 213 2677 Haec,
236 2590 312 2677 quia
334 2592 382 2655 uti
406 2595 508 2656 mater
532 2591 664 2656 monitis
688 2595 721 2655 et
744 2610 852 2653 amore
876 2587 1023 2670 fouebas,

154 2679 322 2764 Supremis
346 2680 444 2744 reddo
468 2680 554 2744 filius
578 2680 730 2765 exequiis.

67 2892 111 2944 ree}
145 2873 205 2927 Vll.
235 2871 287 2928 Ob,
308 2870 527 2927 concedive
545 2870 593 2926 ET
613 2871 733 2927 IVLIVS
753 2868 942 2925 CALLIPPIO
962 2869 1106 2924 PATRVI.

108 2981 154 3046 Et
175 2984 326 3066 patruos,
350 2981 473 3066 elegea,
496 3002 586 3045 meos
610 2982 813 3046 reminiscere
837 2982 950 3045 cantu:

154 3068 378 3152 contemtum,
401 3070 499 3134 tellus
523 3092 617 3154 quem
642 3069 809 3152 Rutupina
833 3068 923 3153 tegit.

181 3225 284 3281 oniba
308 3226 335 3280 V
400 3229 547 3296 ipromta
569 3225 595 3279 V
654 3226 769 3281 8abuit
791 3223 818 3278 V
878 3227 943 3279 9et
960 3239 1006 3278 me
1024 3225 1123 3294 Peiper

108 3297 229 3352 heemae
252 3296 279 3350 V
296 3297 366 3352 haec
384 3315 430 3352 me
449 3299 579 3368 Lugdu-n.
655 3304 685 3352 12
705 3312 792 3352 cerua
810 3296 889 3351 locor
911 3294 938 3349 V

180 3385 221 3439 Vl
248 3404 340 3440 muns
362 3387 390 3441 V
407 3390 411 3455 ι
431 3406 537 3442 nuvorl
556 3388 583 3454 (a
602 3387 637 3440 al.
657 3388 689 3440 in
706 3389 773 3457 rae.)
799 3385 824 3439 V
895 3384 1032 3440 2affectu
1057 3385 1083 3439 V

108 3454 211 3511 silari
235 3456 263 3510 V
321 3459 477 3528 tepebnm
496 3458 527 3526 (h
545 3458 610 3513 olim
627 3473 661 3513 ss.
679 3463 741 3527 post
759 3459 875 3524 aarum)
901 3456 927 3510 V
979 3457 1125 3529 8delu0te

106 3529 191 3594 (tuci
206 3546 219 3583 s
234 3529 361 3597 eros.)V
421 3536 524 3599 9quce
539 3529 585 3582 Lu
621 3546 668 3584 uc.
688 3545 745 3597 qua
762 3528 806 3594 V!
822 3529 929 3599 nobiles
948 3529 991 3582 est
1010 3530 1033 3596 (s
1047 3543 1126 3594 erne,

108 3602 152 3654 est
170 3616 206 3654 ere
219 3615 289 3654 corr.
306 3600 353 3667 ot,
372 3599 453 3656 nobis
473 3602 548 3655 esset
596 3600 641 3653 ¹t.
656 3600 810 3668 Sebentlio)
831 3600 857 3652 V
911 3605 943 3653 10
961 3597 1069 3668 puditie
1090 3597 1126 3651 V¹

144 3677 177 3725 11
199 3673 232 3725 ut
257 3670 284 3722 V
300 3687 369 3725 corr.
387 3670 518 3743 Ιηιρᾱαπ.
536 3674 540 3740 Ι
560 3670 677 3726 fobebas
702 3670 728 3723 V
799 3677 830 3724 ¹2
849 3668 1007 3740 suppremis
1032 3669 1058 3721 V

180 3758 236 3812 VII
262 3746 380 3816 cerrima
404 3760 431 3814 V
451 3780 601 3816 conrusrvs
620 3760 909 3829 Lupdwn.lcnu1rrro
933 3757 959 3812 V
1029 3761 1042 3810 1
1063 3774 1126 3827 par-

108 3848 158 3886 uos
178 3829 206 3886 V
221 3846 292 3885 corr.
307 3831 437 3901 Mydon.
459 3836 464 3902 Ι
485 3837 582 3888 cantus
600 3831 627 3885 V
640 3847 708 3890 corr.
725 3831 859 3904 amdan
919 3838 937 3890 ‘z
957 3830 1142 3889 contemtum

112 3901 161 3969 V:
184 3901 356 3970 ruptupiuna
376 3901 403 3954 V

150 3997 276 4034 Atreum
972 4010 991 4059 3
