2430 4274
513 523 550 532 -
599 504 656 551 CVI
705 521 742 532 -

120 648 261 732 379s380
284 651 538 729 Protreptieus
563 650 606 711 ad
629 651 828 712 Ausonium
850 656 1026 730 nepotem.

119 763 198 821 Inter
218 762 281 820 379
307 762 440 819 autumn.
460 762 491 817 st
510 759 575 817 380
593 758 735 817 hiemem:
769 757 972 835 Symmachi
994 759 1038 819 ad
1061 761 1134 820 Au-

209 849 360 923 sonium,
383 847 538 907 Ausonii
557 848 598 906 ad
614 846 859 924 Symmachum
878 848 962 924 Epi
978 851 1019 909 31
1041 850 1134 909 8132

208 934 262 999 (31,
278 936 293 984 2
318 946 382 984 cum
405 928 492 984 semel
515 943 533 981 a
554 930 584 982 18
603 928 760 996 profectum
779 945 891 984 carmen
909 933 966 997 est,
989 928 1135 985 insomne

209 1000 329 1071 posuisti
348 1042 354 1055 .
370 1041 398 1054 ..
419 1003 493 1054 certe
512 999 626 1068 aliquod
645 999 846 1054 didascalicum
865 1016 914 1054 seu
932 1000 1137 1071 protrepticum

209 1075 305 1128 nostro
328 1086 439 1140 quoque
461 1069 569 1124 nomini
592 1086 704 1125 carmen
726 1070 865 1125 adiudica.
902 1076 949 1138 31,
969 1077 985 1125 8
1009 1072 1135 1141 expende

210 1144 299 1198 otium
318 1147 406 1197 tuum.
423 1173 455 1182 —
470 1140 587 1195 Ausonii
605 1140 714 1265 aliyuot
727 1142 814 1196 uerba
828 1158 862 1196 ex
876 1158 921 1211 ep.
934 1148 971 1197 32
986 1143 1137 1212 desumpta

209 1213 392 1283 Symmachus
414 1214 532 1281 usurpat
555 1227 598 1281 ep.
618 1213 644 1266 H

209 1287 329 1340 mortem
348 1301 372 1339 a.
388 1289 440 1339 880
459 1301 500 1338 ex.
520 1284 644 1352 scripta).

673 1219 689 1268 6
712 1213 797 1281 paulo
821 1215 887 1282 poet
909 1213 1015 1268 Titiani
1040 1213 1134 1268 fratris

119 1396 186 1461 380
209 1393 421 1459 Gratianus
445 1394 558 1459 consul
578 1392 608 1456 V
632 1416 705 1459 cum
728 1392 919 1460 Theodosio.

119 1510 190 1583 post
209 1508 274 1566 380
307 1504 466 1580 Griphus
499 1503 677 1581 Symmacho
710 1504 865 1564 dedicatus
898 1507 944 1573 (cf.
968 1509 1005 1563 ad
1028 1526 1053 1564 a.
1073 1515 1135 1566 388.

209 1605 250 1657 pr.
267 1592 314 1640 lt:
341 1585 396 1639 ists
415 1588 534 1654 nugator
553 1585 666 1639 libellus
684 1585 741 1638 iam
760 1585 808 1639 diu
827 1589 935 1640 secreta
952 1585 1068 1653 quidem
1086 1585 1134 1639 sed

211 1659 290 1726 uulgi
307 1656 431 1712 lectione
449 1657 587 1711 laceratus
606 1658 752 1725 perueniat
770 1657 885 1711 tandem
902 1657 932 1710 in
951 1672 1052 1711 manus
1069 1658 1134 1711 tuas

214 1773 258 1786 ...
272 1728 302 1782 in
321 1727 506 1798 expeditione,
526 1727 601 1796 quod
615 1728 726 1796 tempus
741 1729 773 1781 ut
787 1727 841 1781 scis
854 1727 987 1782 licentiae
1000 1727 1133 1783 militaris

210 1805 265 1868 est,
285 1817 368 1870 super
385 1816 510 1854 mensam
528 1799 604 1855 facta
623 1801 665 1854 est
683 1798 813 1853 inuItatio
833 1801 907 1869 etc).

121 1910 297 1975 380-382
322 1907 510 1992 Syagrius
528 1907 687 1991 Hesperio
708 1907 863 1972 successit
881 1907 915 1970 in
932 1909 1135 1990 praefectura

210 2002 311 2080 praet.
339 1997 453 2062 Italiae
481 2005 559 2070 (Cod.
584 2007 720 2061 Theodos.
741 2006 814 2074 118,
836 2013 877 2061 10.
901 2005 940 2061 XI
954 2012 1001 2074 30,
1021 2013 1064 2062 38.
1083 2005 1136 2059 VII

211 2087 292 2150 18,1.
316 2081 380 2136 VIII
396 2088 421 2150 ὁ,
436 2088 478 2136 38.
498 2081 510 2134 Ι
527 2088 567 2147 10,
584 2089 609 2135 1.
629 2083 692 2137 VIII
709 2089 732 2147 7,
749 2087 789 2136 18.
809 2082 861 2135 XII
877 2088 901 2149 1,
916 2088 958 2137 88.
973 2089 1017 2137 83.
1037 2080 1077 2135 XI
1094 2089 1133 2149 18,

210 2159 252 2208 14.
281 2153 375 2207 Sidon.
390 2152 486 2222 Apoll.
500 2171 543 2222 ep.
560 2153 583 2205 V
600 2160 640 2208 17.
661 2154 672 2205 Ι
688 2159 712 2209 7.
733 2153 756 2205 V
772 2157 796 2206 6.
812 2153 864 2206 Vll
880 2157 926 2207 122
946 2152 1036 2209 Seeck
1051 2152 1131 2220 CIX).

121 2263 184 2329 381
211 2263 397 2348 Syagrius
412 2261 524 2327 consul
544 2271 653 2342 (postca
667 2289 754 2340 usque
769 2272 806 2327 ad
821 2271 1135 2342 839888881881811).

121 2389 186 2454 382
210 2387 422 2453 Gratianus
441 2386 606 2452 Victoriae
624 2388 801 2472 imaginem
820 2408 858 2452 ex
878 2386 966 2452 curia
985 2386 1135 2452 Romana

210 2478 370 2543 remoueri
392 2477 484 2543 iubet
507 2475 661 2542 hortante
684 2477 870 2542 Ambrosio.

121 2585 186 2651 382
206 2587 323 2652 81383
355 2586 542 2650 Ρ1888188
573 2583 784 2667 Gregorius
818 2581 1000 2667 praelectus
1033 2585 1135 2666 praet

210 2672 389 2739 Galliarum
413 2683 573 2753 (Gregorius
597 2681 707 2752 Syagrii
729 2681 851 2750 uestigia
873 2680 975 2752 pressit
996 2680 1027 2734 in
1049 2680 1136 2735 hono·

210 2777 271 2812 ram
300 2775 393 2823 curem
422 2761 484 2812 erat
507 2777 532 2814 a.
551 2766 602 2814 877
626 2757 714 2828 praef.
738 2774 878 2813 annonae:
909 2756 975 2814 Cod.
997 2755 1134 2811 Theodos.

209 2828 324 2896 xlma,
336 2835 368 2883 18
380 2861 411 2868 -
424 2829 557 2883 Ρ1888188
573 2829 724 2900 Gregorius
740 2829 900 2899 appellatur
913 2830 942 2883 18
956 2828 1039 2882 18881.
1050 2826 1135 2882 Orell.

211 2905 281 2953 3327
306 2929 337 2938 -·
362 2917 387 2954 a.
403 2905 454 2953 378
474 2900 504 2953 81
522 2905 574 2954 373
598 2903 731 2967 quaestor
754 2900 825 2955 sacri
848 2900 961 2971 palatii3
991 2898 1048 2953 iam
1071 2900 1136 2968 post

211 2969 322 3038 Syagrii
341 2969 516 3024 consulatum
536 2973 623 3039 prael.
642 2975 731 3041 praet.
746 2971 910 3039 Galliarum,
929 2971 1016 3026 etiam
1033 2985 1058 3024 a
1074 2974 1135 3036 888,

210 3042 245 3095 81.
261 3040 365 3124 Sulpic.
381 3040 477 3095 Seueri
492 3040 586 3096 chron.
601 3043 627 3095 11
643 3049 685 3110 43,
700 3049 716 3097 2
736 3041 919 3113 „Gregorium
934 3041 1135 3112 praelectum“.

209 3112 331 3166 decessit
349 3115 415 3167 ante
434 3129 459 3167 a.
475 3117 535 3166 400.
560 3113 595 3167 cf.
612 3113 773 3180 Symmachi
787 3129 830 3183 ep.
845 3113 898 3167 VII
912 3118 946 3168 88
962 3112 1136 3182 „Gregorii“.

210 3183 372 3253 Symmachi
390 3184 425 3238 ad
446 3184 647 3254 ,0883811881ι
667 3184 785 3254 epp.111
806 3191 909 3240 17-22
929 3183 1063 3239 exennia
1083 3188 1135 3238 378

122 3353 185 3412 382
211 3350 349 3428 Cupido
382 3352 521 3412 Treueris
545 3371 599 3412 scr.
632 3358 664 3412 et
695 3352 733 3411 ad
764 3353 924 3413 Proculum
955 3351 1137 3429 Gregorium

210 3440 319 3499 missus
353 3434 386 3521 (2
412 3440 552 3501 Treueris
576 3485 583 3500 .
603 3489 609 3501 .
632 3441 665 3500 in
696 3441 827 3500 triclinio
856 3441 931 3502 Zoili
959 3442 1062 3501 fucata
1090 3445 1138 3502 est

208 3530 327 3605 pictura
349 3530 423 3589 haec
442 3578 448 3590 .
468 3522 500 3610 .).
539 3530 636 3590 eidem
654 3548 722 3589 cnm
740 3532 930 3607 praefectura
948 3531 1136 3610 fungeretur,

209 3617 368 3694 priorem
399 3619 701 3696 epigrammatum
733 3620 863 3679 seriem
898 3619 1060 3696 adscripsit
1091 3639 1136 3697 ep.

212 3708 318 3766 1-23
351 3709 397 3776 (cf.
419 3718 442 3779 1,
462 3719 491 3766 9:
515 3711 619 3766 irascor
641 3713 773 3780 Proculo,
798 3713 875 3768 cuius
899 3711 1034 3768 facundie
1055 3715 1139 3768 tanta

209 3790 263 3855 est,
287 3791 408 3856 quantus
432 3788 533 3854 honos;
558 3788 671 3858 scripsit
693 3789 824 3858 plurima,
848 3805 919 3857 quae
940 3788 1081 3845 cohibet.
1102 3833 1108 3846 .
1130 3829 1137 3842 .

209 3857 274 3913 huic
294 3874 355 3927 ego,
374 3858 450 3927 quod
469 3862 598 3929 superest
615 3859 696 3915 nobis
714 3859 848 3930 ignobilis
868 3861 916 3929 oti,
937 3861 1064 3931 deputo).
