2400 4282
47 640 168 726 quibus
200 635 417 702 Suetonisnus
449 658 600 703 recensus
632 637 889 722 continuaretur,
926 642 962 702 at
994 640 1064 724 quis

48 732 128 815 post
149 725 269 791 Troica
292 725 377 790 ferat
398 724 578 810 Epitaphia
600 725 795 810 posteriora,
818 726 857 790 de
881 726 999 811 quibus
1023 750 1066 793 ne

50 816 188 883 uerbum
217 812 348 898 quidem
374 815 409 879 in
437 814 649 898 praefatione,
676 818 714 878 ut
738 814 786 878 nil
809 814 912 879 dicam
935 816 975 880 de
998 817 1065 900 epi-

50 905 148 973 stulis
172 903 212 969 ad
231 902 369 968 Paulum
388 901 555 968 Thoonem
569 902 742 967 Paulinum
756 902 962 987 Hesperium,
986 926 1065 988 quas

51 995 109 1060 uix
136 992 197 1058 tibi
226 991 423 1076 persuadeas
450 992 485 1056 in
507 990 733 1057 Theodosiana
760 990 862 1056 fuisse
890 994 1066 1075 exemplari

50 1083 163 1148 lectas.
207 1080 285 1145 hinc
315 1101 387 1144 cum
417 1101 541 1145 errasse
570 1101 621 1144 me
650 1079 819 1163 adpareat,
850 1101 924 1145 cum
951 1082 1067 1146 relicta

53 1193 73 1236 a
95 1173 195 1255 poeta
217 1168 332 1234 haberi
356 1169 391 1232 in
412 1167 465 1232 his
488 1167 653 1234 codicibus
676 1168 831 1252 dicerem,
853 1172 965 1234 tamen
986 1169 1068 1234 haec

54 1259 179 1345 optime
211 1258 259 1322 ita
289 1257 376 1321 inter
408 1278 442 1321 se
470 1257 676 1340 conuenient,
709 1257 737 1321 si
764 1256 918 1341 pleraque
947 1279 1067 1341 eorum,

54 1368 138 1433 quse
166 1350 243 1432 post
270 1368 298 1410 a.
321 1346 387 1410 390
415 1349 632 1431 accesserunt,
664 1346 698 1409 in
725 1345 789 1410 fine
815 1345 991 1411 uoluminis
1015 1345 1069 1411 ad·

54 1437 142 1501 iecta
174 1434 275 1500 fuisse
302 1433 490 1518 putabimus
518 1439 695 1519 posteaque
724 1433 866 1518 abreptis
895 1434 962 1499 illis
991 1457 1067 1519 qua·

53 1522 257 1590 ternionibus
276 1522 374 1587 etiam
393 1523 499 1587 media
518 1521 685 1606 quaedam,
704 1521 819 1586 solutis
834 1522 972 1588 uinculis
987 1544 1069 1608 quae

55 1611 249 1694 exciderint,
281 1611 456 1675 accessisse
489 1610 582 1692 folia,
614 1611 649 1674 in
681 1611 797 1695 quibus
825 1609 1069 1676 Theodosianae

54 1701 210 1767 editionis
233 1701 378 1765 carmina
401 1699 526 1784 aliquot
549 1699 729 1782 perscripta
752 1702 858 1782 erant3
882 1701 968 1763 inter
988 1721 1069 1783 quae

55 1789 176 1855 suiset
193 1786 320 1872 Cupido
340 1793 373 1852 et
392 1788 617 1871 Ephemeridis
636 1787 796 1872 particula
813 1786 884 1870 illa,
907 1809 1005 1871 quam
1030 1787 1070 1852 ad

55 1878 223 1943 notarium
250 1875 443 1961 inscriptam
471 1875 595 1962 posteri
619 1877 702 1940 inter
725 1875 961 1960 epigrammata
984 1880 1069 1941 retu-

55 1967 174 2032 lerunt.

124 2054 196 2119 Iam
221 2054 249 2117 si
269 2052 460 2138 Cupidinem
478 2053 642 2118 Ausonius
666 2051 846 2118 subiecerat
868 2053 952 2117 libro
974 2051 1070 2118 Idolo-

56 2139 213 2230 garnm⁸)
249 2141 468 2226 Mosellaeque
503 2143 728 2226 praemiserat,
764 2141 862 2206 facile
899 2141 1071 2226 suspiceris

58 2253 131 2297 eam
150 2232 307 2295 iacturam
327 2230 522 2314 praelusisse
541 2230 645 2295 multo
664 2230 817 2316 grauiori,
840 2251 936 2313 quam
958 2233 1073 2313 postea

57 2320 157 2405 paulo
176 2319 302 2402 accepit
323 2318 527 2403 archetypus,
545 2341 619 2384 cum
632 2319 870 2384 abalienaretur
884 2319 972 2383 istud
987 2318 1072 2402 quod

60 2430 135 2474 eum
159 2407 341 2492 excipiebat
366 2408 611 2473 celeberrimum
635 2428 762 2472 carmen
787 2404 962 2492 (Mosella).

127 2495 305 2562 Videamus
336 2496 403 2561 iam
434 2496 570 2560 alteram
598 2494 728 2560 turbam
762 2496 959 2577 carminum,
992 2516 1073 2579 quae

60 2584 182 2649 Tiliani
202 2584 356 2650 sodalitas
376 2584 573 2669 circumfert,
596 2583 851 2650 communium
875 2605 955 2648 cum
977 2582 1075 2647 Vos-

60 2674 189 2758 siano,
208 2672 263 2738 sed
277 2673 473 2739 foedissimis
490 2673 696 2738 librariorum
711 2671 902 2738 commentis
916 2671 1075 2737 deforma·

59 2767 180 2845 torum,
200 2783 281 2845 quae
295 2784 362 2827 non
375 2762 526 2846 sequiora
539 2761 668 2826 demum
684 2760 833 2847 genuisse
848 2761 977 2827 saecula
992 2762 1074 2825 anti-

61 2850 240 2936 quissimus
255 2851 347 2915 testis
367 2850 446 2915 folia
461 2849 746 2935 Cantabrigiensia
760 2850 944 2915 ostendunt.
976 2872 1075 2934 porro

61 2937 239 3005 Caesarum
271 2939 453 3024 intercepta
481 2943 531 3004 est
557 2939 661 3004 maior
690 2961 782 3023 pars,
813 2937 1076 3024 Technopaegnii

61 3027 183 3092 desunt
209 3027 291 3092 duae
318 3029 509 3112 particulae,
539 3050 604 3093 una
631 3026 770 3092 habetur
799 3049 837 3091 ex
859 3026 1076 3111 Ephemeride

136 3201 164 3271 *)
187 3201 263 3270 quod
287 3201 359 3255 mibi
382 3218 494 3270 prorsus
518 3204 625 3256 certum
648 3204 692 3256 est
715 3217 750 3255 ex
768 3201 903 3256 memoria
925 3199 1008 3256 huius
1027 3202 1077 3272 rei,

63 3289 151 3343 quam
179 3273 253 3327 male
276 3273 445 3327 inmutatum
469 3273 630 3327 seruauitZ
653 3271 771 3328 familia.
808 3289 874 3326 nam
898 3289 968 3341 quae
992 3273 1077 3330 titulo
1169 3325 1172 3329 .

63 3345 169 3400 omisso
192 3346 258 3398 ante
281 3341 401 3398 salutem
420 3342 553 3412 Gregorio
578 3343 682 3398 dictam
706 3344 839 3413 leguntur
857 3344 943 3399 uerba
960 3346 1078 3415 „incipit

63 3416 267 3486 aeploparam‘g
292 3415 322 3468 in
344 3415 388 3468 his
411 3416 510 3483 incipit
533 3414 605 3468 illud
626 3414 699 3469 falso
719 3414 853 3484 scriptum
871 3430 922 3484 pro
941 3431 984 3483 eo,
1003 3417 1077 3487 quod

63 3483 454 3611 ‘’¹²²⁰:ltltltlt0ilt
472 3485 621 3611 tellit
639 3487 1079 3614 fflfbufdsllssmilwili

63 3573 300 3695 iiminprudinte
323 3625 452 3708 librario,
471 3573 559 3682 pouius
582 3574 658 3710 mbrq
670 3628 766 3708 oculos
788 3627 976 3684 aduertsbant
994 3600 1079 3685 rierba

64 3698 132 3753 baie
149 3698 205 3752 ecto
224 3714 269 3764 ac,
292 3696 376 3752 facile
395 3697 431 3752 ad
450 3697 523 3752 bunc
541 3700 666 3768 potuisse
684 3699 773 3762 trahi,
798 3715 894 3754 omnes
913 3699 996 3755 credo
1015 3717 1078 3755 con-

65 3768 174 3823 cedent.
225 3769 232 3779 “
254 3785 268 3823 c
286 3785 390 3823 nouum
409 3769 488 3823 uides
507 3769 598 3824 ordini
616 3770 645 3824 in
659 3768 772 3841 Eclogis
795 3787 812 3825 a
830 3786 875 3826 me
889 3769 1020 3828 instituto
1034 3788 1080 3827 ae-

66 3839 166 3895 cedere
180 3839 357 3907 praesidinm.
