2430 4274
503 538 741 603 ..100-

112 695 205 760 Vnus
229 696 291 760 erit
314 700 443 762 tantum
467 696 709 782 duodetriginta
732 696 869 780 dierum,

113 783 218 861 Quem
241 783 351 851 Numa
373 786 561 870 praeposito
584 785 689 851 uoluit
712 787 881 851 succedere
905 785 994 852 Iano.

112 870 166 939 Sic
188 878 239 938 ter
262 876 404 939 centenis
429 874 534 940 decies
558 874 708 941 accedere
732 896 826 939 senos

113 961 398 1049 Quadrantemque
417 967 451 1028 et
467 964 608 1048 quinque
621 963 691 1029 dies
706 963 770 1028 sibi
785 966 942 1048 conputat
957 985 1071 1028 annus.
1096 978 1130 1028 ιο

58 1170 197 1277 :effic
221 1206 295 1274 ovo
315 1206 441 1262 nurse
461 1207 609 1275 evoma
629 1206 757 1263 uouru
776 1207 849 1268 unu
866 1206 951 1262 rurs
971 1205 1061 1263 arur.

112 1332 160 1397 At
183 1355 287 1399 nonas
311 1334 408 1398 modo
432 1338 550 1418 quarta
568 1334 683 1419 aperit,
707 1334 803 1400 modo
823 1340 915 1399 sexta
933 1334 1034 1399 refert
1056 1334 1119 1399 lux.

114 1419 212 1486 Sexta
234 1421 334 1487 refert
356 1420 425 1487 Mai
448 1421 602 1488 Octobris
624 1422 804 1507 Martisque
827 1445 959 1489 recursu

112 1508 158 1574 ut
181 1511 236 1595 qui
260 1510 404 1577 solstitio
428 1533 486 1577 sua
509 1515 658 1596 tempora
680 1511 783 1577 Iulius
807 1512 915 1578 infert.

113 1595 231 1665 Oetera
253 1621 329 1684 pars
352 1621 499 1665 mensum
523 1601 647 1685 quartis
671 1605 721 1665 est
744 1600 893 1683 praedite
914 1601 1025 1684 nonis3

113 1686 233 1754 Omnes
256 1710 335 1754 uero
357 1689 429 1754 idus
454 1692 569 1755 octaua
591 1689 663 1755 luce
686 1692 866 1791 recurrunt.
1113 1706 1130 1754 5

58 1934 103 1975 xv
118 1935 166 1984 [aar
180 1934 274 1986 noun]
294 1915 443 1983 QVOTAE
462 1915 664 1971 KALENDAE
684 1914 766 1969 SINT
784 1913 968 1971 MENSVVM

504 1985 754 2043 SINGVLORVM.

112 2111 191 2177 Post
215 2112 301 2194 idus,
325 2134 405 2196 quas
429 2113 566 2197 quisque
589 2135 664 2178 suas
687 2114 788 2178 habet
811 2114 922 2178 ordine
948 2115 1084 2198 mensis,

111 2199 270 2266 Diuersae
293 2222 429 2265 numero
452 2201 587 2266 redeunt
610 2203 760 2266 uariante
783 2202 957 2285 kalendae,

112 2289 200 2354 Dum
224 2338 387 2356 ......
410 2311 602 2376 rursumque
625 2291 807 2375 iterumque
830 2295 1003 2374 uocantur,

113 2377 160 2443 Vt
181 2379 312 2443 tandem
336 2380 441 2462 optati
464 2379 641 2465 procedant
662 2380 820 2463 temporis
844 2383 928 2445 ortu

113 2467 177 2532 Ter
199 2469 286 2533 senis
310 2489 439 2553 unoque
462 2469 513 2533 die
538 2468 680 2555 genialia
702 2467 788 2532 festa
1114 2485 1130 2532 5

113 2555 272 2643 Porrigit,
295 2562 331 2622 ut
353 2557 468 2622 Ianum
494 2560 637 2622 arcessat
659 2578 745 2621 noua
768 2556 883 2621 bruma
906 2560 1099 2623 morantem.

114 2644 185 2711 Hoc
207 2667 343 2710 numero
367 2647 551 2731 mensisque
575 2645 701 2711 Numae
725 2644 808 2710 redit
832 2646 1042 2731 autumnique

114 2733 314 2816 Principium
338 2734 481 2799 referens
505 2733 626 2799 Bacchi
650 2732 839 2817 September
862 2734 1022 2800 alumnus.

115 2820 217 2885 Iulius
241 2827 274 2885 et
296 2819 404 2886 Maius
427 2823 619 2907 positusque
642 2823 678 2886 in
700 2822 764 2887 fine
788 2822 967 2888 December

114 2907 318 2992 Octoberque
342 2909 394 2973 die
417 2912 587 2975 reuocetur
609 2911 734 2975 tardius
758 2932 832 2976 uuo.
1097 2928 1132 2976 10

188 3123 220 3173 10
239 3118 307 3190 qua]
326 3117 469 3186 quemV¹
1012 3177 1015 3181 ,

67 3211 97 3265 V
184 3205 630 3263 Xsssslatttcl.s'urue.V
697 3206 1130 3278 2maiizpr.ireacr.al.V¹

115 3277 239 3333 octubris
266 3277 293 3331 V
362 3278 535 3350 3sobstitiu
564 3283 652 3346 (aceo
674 3281 696 3349 i)
723 3280 751 3335 V
818 3286 1019 3334 4mcneuum:
1041 3295 1089 3349 pr.
1113 3297 1134 3333 u

110 3365 200 3418 poem
220 3365 298 3404 eram
320 3347 348 3403 V
417 3351 554 3405 coctaba
576 3351 602 3405 V

67 3441 98 3495 V
186 3436 237 3489 XV
259 3444 272 3491 1
293 3437 360 3492 abet
381 3438 424 3505 V!
441 3439 537 3494 ordine
561 3438 587 3492 V
647 3436 816 3511 2kalendq:
836 3437 855 3491 d
872 3438 909 3492 ol.
928 3439 961 3491 in
978 3453 1045 3504 rae,
1064 3455 1080 3510 e
1099 3454 1135 3492 ex

115 3525 130 3563 e
153 3507 180 3561 V
247 3512 263 3561 3
287 3525 382 3564 amaus
410 3526 539 3574 maneae·
563 3515 626 3579 post
652 3510 719 3563 dum
743 3511 871 3564 lacunam
894 3509 994 3563 uetuit
1016 3509 1135 3564 Schenkl

115 3579 253 3647 (uertente
272 3594 346 3633 anno
364 3582 453 3649 suppl.
475 3581 641 3648 Mommsen,
660 3586 731 3649 post·
748 3580 905 3649 iterumque
924 3579 1057 3649 hedua
1076 3581 1135 3648 (ex-

114 3649 194 3718 pleto
216 3665 311 3703 manee
334 3652 425 3719 suppl.
444 3651 590 3720 heodem„
619 3651 748 3720 sequenti
771 3668 789 3705 a
811 3666 907 3705 mense
930 3650 1102 3720 Gronouiae)
1130 3660 1134 3707 Ι

114 3723 188 3776 inter
210 3720 312 3775 iterum
338 3726 363 3775 rt
386 3738 440 3790 que
464 3723 584 3777 duarum
607 3723 658 3777 litt.
681 3724 801 3792 spatam
824 3721 851 3776 V
919 3727 936 3775 4
959 3721 1052 3776 obtati
1074 3721 1101 3776 V
1129 3718 1133 3794 Ι

115 3829 193 3880 ortua
214 3825 375 3883 Grmwuias
436 3828 545 3883 tuobe
563 3828 606 3897 V!
622 3806 693 3883 bria
711 3833 739 3898 (v
757 3829 789 3882 ia
806 3844 876 3894 rua,
894 3847 922 3882 m
937 3843 993 3898 pro
1011 3829 1137 3885 arcaida

116 3898 230 3967 circata
243 3899 289 3966 ss.)
304 3897 327 3950 V
382 3905 398 3953 8
414 3899 504 3969 bacci(
522 3901 601 3970 (leuia
613 3916 715 3957 rasura
724 3916 770 3970 pr.
781 3900 829 3968 m.)
842 3898 869 3952 V
920 3905 954 3954 10
968 3899 1087 3956 octuber
1097 3899 1137 3955 V²
