<?xml version="1.0" encoding="UTF-8"?>
<!DOCTYPE html PUBLIC "-//W3C//DTD XHTML 1.0 Transitional//EN"
    "http://www.w3.org/TR/xhtml1/DTD/xhtml1-transitional.dtd">
<html xmlns="http://www.w3.org/1999/xhtml" xml:lang="en" lang="en">
 <head>
  <title>
</title>
<meta http-equiv="Content-Type" content="text/html;charset=utf-8" />
  <meta name='ocr-system' content='tesseract 3.04.00' />
  <meta name='ocr-capabilities' content='ocr_page ocr_carea ocr_par ocr_line ocrx_word'/>
</head>
<body>
  <div class='ocr_page' id='page_1' title='image "./decimimagniavso00ausogoog_0199.png"; bbox 0 0 2430 4274; ppageno 0'>
   <div class='ocr_carea' id='block_1_1' title="bbox 344 17 1174 301">
    <p class='ocr_par' dir='ltr' id='par_1_1' title="bbox 344 17 1174 301">
     <span class='ocr_line' id='line_1_1' title="bbox 344 17 1174 301; baseline 0.018 -15"><span class='ocrx_word' id='word_1_1' title='bbox 344 17 1174 301; x_wconf 64' lang='lat' dir='ltr'><strong>ffi-</strong></span> 
     </span>
    </p>
   </div>
   <div class='ocr_carea' id='block_1_2' title="bbox 518 531 734 597">
    <p class='ocr_par' dir='ltr' id='par_1_2' title="bbox 518 531 734 597">
     <span class='ocr_line' id='line_1_2' title="bbox 518 531 734 597; baseline -0.005 -19"><span class='ocrx_word' id='word_1_2' title='bbox 518 531 734 597; x_wconf 73' lang='grc'>..66-</span> 
     </span>
    </p>
   </div>
   <div class='ocr_carea' id='block_1_3' title="bbox 117 689 1093 1217">
    <p class='ocr_par' dir='ltr' id='par_1_3' title="bbox 117 689 917 863">
     <span class='ocr_line' id='line_1_3' title="bbox 117 689 910 776; baseline 0.001 -22"><span class='ocrx_word' id='word_1_3' title='bbox 117 689 273 767; x_wconf 80' lang='lat' dir='ltr'><strong>Quamuis</strong></span> <span class='ocrx_word' id='word_1_4' title='bbox 297 694 429 755; x_wconf 85' lang='lat' dir='ltr'><strong>externa</strong></span> <span class='ocrx_word' id='word_1_5' title='bbox 451 694 563 755; x_wconf 85' lang='lat' dir='ltr'><strong>tamen</strong></span> <span class='ocrx_word' id='word_1_6' title='bbox 587 713 606 755; x_wconf 93' lang='lat' dir='ltr'><strong>a</strong></span> <span class='ocrx_word' id='word_1_7' title='bbox 629 690 761 776; x_wconf 78' lang='lat' dir='ltr'>regione</span> <span class='ocrx_word' id='word_1_8' title='bbox 784 690 910 756; x_wconf 77' lang='lat' dir='ltr'><strong>reducit</strong></span> 
     </span>
     <span class='ocr_line' id='line_1_4' title="bbox 162 778 917 863; baseline 0 -20"><span class='ocrx_word' id='word_1_9' title='bbox 162 778 207 844; x_wconf 83' lang='lat' dir='ltr'><strong>Te</strong></span> <span class='ocrx_word' id='word_1_10' title='bbox 230 779 338 863; x_wconf 88' lang='lat' dir='ltr'><strong>patria</strong></span> <span class='ocrx_word' id='word_1_11' title='bbox 361 783 394 844; x_wconf 93' lang='lat' dir='ltr'><strong>et</strong></span> <span class='ocrx_word' id='word_1_12' title='bbox 416 778 520 845; x_wconf 90' lang='lat' dir='ltr'><strong>ciuem</strong></span> <span class='ocrx_word' id='word_1_13' title='bbox 542 782 648 844; x_wconf 90' lang='lat' dir='ltr'><strong>morte</strong></span> <span class='ocrx_word' id='word_1_14' title='bbox 672 779 762 844; x_wconf 85' lang='lat' dir='ltr'><strong>obita</strong></span> <span class='ocrx_word' id='word_1_15' title='bbox 784 779 917 862; x_wconf 87' lang='lat' dir='ltr'><strong>repetit,</strong></span> 
     </span>
    </p>

    <p class='ocr_par' dir='ltr' id='par_1_4' title="bbox 118 865 1093 1043">
     <span class='ocr_line' id='line_1_5' title="bbox 118 865 1093 954; baseline 0 -20"><span class='ocrx_word' id='word_1_16' title='bbox 118 865 263 952; x_wconf 82' lang='lat' dir='ltr'><strong>Cumque</strong></span> <span class='ocrx_word' id='word_1_17' title='bbox 286 872 461 954; x_wconf 81' lang='lat' dir='ltr'><strong>negantem</strong></span> <span class='ocrx_word' id='word_1_18' title='bbox 484 889 616 953; x_wconf 84' lang='lat' dir='ltr'><strong>operam</strong></span> <span class='ocrx_word' id='word_1_19' title='bbox 640 867 763 932; x_wconf 83' lang='lat' dir='ltr'><strong>diuisae</strong></span> <span class='ocrx_word' id='word_1_20' title='bbox 785 867 980 952; x_wconf 87' lang='lat' dir='ltr'><strong>impenderis</strong></span> <span class='ocrx_word' id='word_1_21' title='bbox 1003 869 1093 949; x_wconf 89' lang='lat' dir='ltr'><strong>urbi,</strong></span> 
     </span>
     <span class='ocr_line' id='line_1_6' title="bbox 162 955 831 1043; baseline 0.003 -23"><span class='ocrx_word' id='word_1_22' title='bbox 162 955 345 1021; x_wconf 79' lang='lat' dir='ltr'><strong>Arbitrium</strong></span> <span class='ocrx_word' id='word_1_23' title='bbox 368 957 407 1022; x_wconf 91' lang='lat' dir='ltr'><strong>de</strong></span> <span class='ocrx_word' id='word_1_24' title='bbox 430 960 462 1021; x_wconf 89' lang='lat' dir='ltr'><strong>te</strong></span> <span class='ocrx_word' id='word_1_25' title='bbox 487 957 591 1021; x_wconf 80' lang='lat' dir='ltr'><strong>sumit</strong></span> <span class='ocrx_word' id='word_1_26' title='bbox 611 957 704 1043; x_wconf 82' lang='lat' dir='ltr'><strong>origo</strong></span> <span class='ocrx_word' id='word_1_27' title='bbox 729 977 831 1022; x_wconf 91' lang='lat' dir='ltr'><strong>suum.</strong></span> 
     </span>
    </p>

    <p class='ocr_par' dir='ltr' id='par_1_5' title="bbox 117 1043 966 1217">
     <span class='ocr_line' id='line_1_7' title="bbox 117 1043 966 1129; baseline 0.002 -20"><span class='ocrx_word' id='word_1_28' title='bbox 117 1043 163 1109; x_wconf 81' lang='lat' dir='ltr'><strong>Et</strong></span> <span class='ocrx_word' id='word_1_29' title='bbox 184 1048 242 1109; x_wconf 88' lang='lat' dir='ltr'><strong>tua</strong></span> <span class='ocrx_word' id='word_1_30' title='bbox 263 1067 348 1111; x_wconf 88' lang='lat' dir='ltr'><strong>nune</strong></span> <span class='ocrx_word' id='word_1_31' title='bbox 371 1045 502 1111; x_wconf 80' lang='lat' dir='ltr'>suboles</span> <span class='ocrx_word' id='word_1_32' title='bbox 525 1066 648 1109; x_wconf 93' lang='lat' dir='ltr'><strong>morem</strong></span> <span class='ocrx_word' id='word_1_33' title='bbox 673 1049 797 1110; x_wconf 88' lang='lat' dir='ltr'><strong>sectata</strong></span> <span class='ocrx_word' id='word_1_34' title='bbox 819 1045 966 1129; x_wconf 88' lang='lat' dir='ltr'><strong>parentis</strong></span> 
     </span>
     <span class='ocr_line' id='line_1_8' title="bbox 161 1132 909 1217; baseline -0.001 -18"><span class='ocrx_word' id='word_1_35' title='bbox 161 1132 352 1199; x_wconf 75' lang='lat' dir='ltr'><strong>Narbonem</strong></span> <span class='ocrx_word' id='word_1_36' title='bbox 376 1155 413 1199; x_wconf 83' lang='lat' dir='ltr'><strong>eo</strong></span> <span class='ocrx_word' id='word_1_37' title='bbox 435 1133 576 1199; x_wconf 88' lang='lat' dir='ltr'><strong>Romam</strong></span> <span class='ocrx_word' id='word_1_38' title='bbox 597 1133 753 1199; x_wconf 89' lang='lat' dir='ltr'><strong>nobilitat</strong></span> <span class='ocrx_word' id='word_1_39' title='bbox 776 1134 909 1217; x_wconf 84' lang='lat' dir='ltr'><strong>studiis3</strong></span> 
     </span>
    </p>
   </div>
   <div class='ocr_carea' id='block_1_4' title="bbox 119 1219 986 1396">
    <p class='ocr_par' dir='ltr' id='par_1_6' title="bbox 119 1219 986 1396">
     <span class='ocr_line' id='line_1_9' title="bbox 119 1219 986 1396; baseline 0.002 -22"><span class='ocrx_word' id='word_1_40' title='bbox 119 1219 505 1395; x_wconf 43' lang='lat' dir='ltr'><strong>sepau,2‚.ue.lit.no,it,</strong></span> <span class='ocrx_word' id='word_1_41' title='bbox 524 1270 736 1396; x_wconf 75' lang='lat' dir='ltr'><strong>Burdigdlain</strong></span> <span class='ocrx_word' id='word_1_42' title='bbox 761 1270 886 1375; x_wconf 69' lang='lat' dir='ltr'><strong>referet</strong></span> <span class='ocrx_word' id='word_1_43' title='bbox 925 1272 932 1286; x_wconf 92' lang='lat'><strong>.</strong></span> <span class='ocrx_word' id='word_1_44' title='bbox 978 1273 986 1288; x_wconf 29' lang='grc' dir='ltr'>ι</span> 
     </span>
    </p>
   </div>
   <div class='ocr_carea' id='block_1_5' title="bbox 63 1499 1019 1573">
    <p class='ocr_par' dir='ltr' id='par_1_7' title="bbox 63 1499 1019 1573">
     <span class='ocr_line' id='line_1_10' title="bbox 63 1499 1019 1573; baseline -0.004 -11"><span class='ocrx_word' id='word_1_45' title='bbox 63 1519 122 1573; x_wconf 76' lang='lat'><strong>1210]</strong></span> <span class='ocrx_word' id='word_1_46' title='bbox 235 1500 294 1556; x_wconf 82' lang='lat' dir='ltr'><strong>XX.</strong></span> <span class='ocrx_word' id='word_1_47' title='bbox 327 1500 554 1557; x_wconf 82' lang='lat' dir='ltr'>STAPHYLIVS</span> <span class='ocrx_word' id='word_1_48' title='bbox 573 1500 725 1556; x_wconf 78' lang='lat' dir='ltr'>RHETOR</span> <span class='ocrx_word' id='word_1_49' title='bbox 743 1499 837 1556; x_wconf 78' lang='lat' dir='ltr'>CIVIS</span> <span class='ocrx_word' id='word_1_50' title='bbox 857 1500 1019 1559; x_wconf 79' lang='lat' dir='ltr'><strong>AVSCIVS.</strong></span> 
     </span>
    </p>
   </div>
   <div class='ocr_carea' id='block_1_6' title="bbox 113 1627 1131 2956">
    <p class='ocr_par' dir='ltr' id='par_1_8' title="bbox 113 1627 1131 2956">
     <span class='ocr_line' id='line_1_11' title="bbox 116 1627 959 1696; baseline 0.004 -4"><span class='ocrx_word' id='word_1_51' title='bbox 116 1627 285 1694; x_wconf 79' lang='lat' dir='ltr'><strong>Hactenus</strong></span> <span class='ocrx_word' id='word_1_52' title='bbox 309 1629 483 1696; x_wconf 88' lang='lat' dir='ltr'><strong>obseruata</strong></span> <span class='ocrx_word' id='word_1_53' title='bbox 505 1627 587 1693; x_wconf 91' lang='lat' dir='ltr'><strong>mihi</strong></span> <span class='ocrx_word' id='word_1_54' title='bbox 609 1628 661 1693; x_wconf 84' lang='lat' dir='ltr'><strong>lex</strong></span> <span class='ocrx_word' id='word_1_55' title='bbox 684 1629 959 1695; x_wconf 87' lang='lat' dir='ltr'><strong>commemorandi</strong></span> 
     </span>
     <span class='ocr_line' id='line_1_12' title="bbox 163 1715 828 1802; baseline 0.003 -20"><span class='ocrx_word' id='word_1_56' title='bbox 163 1715 273 1802; x_wconf 81' lang='lat' dir='ltr'><strong>Ciues,</strong></span> <span class='ocrx_word' id='word_1_57' title='bbox 296 1717 365 1783; x_wconf 91' lang='lat' dir='ltr'><strong>siue</strong></span> <span class='ocrx_word' id='word_1_58' title='bbox 389 1717 476 1783; x_wconf 92' lang='lat' dir='ltr'><strong>domi</strong></span> <span class='ocrx_word' id='word_1_59' title='bbox 500 1739 558 1783; x_wconf 91' lang='lat' dir='ltr'><strong>seu</strong></span> <span class='ocrx_word' id='word_1_60' title='bbox 580 1717 716 1783; x_wconf 89' lang='lat' dir='ltr'><strong>docuere</strong></span> <span class='ocrx_word' id='word_1_61' title='bbox 740 1718 828 1784; x_wconf 87' lang='lat' dir='ltr'><strong>foris.</strong></span> 
     </span>
     <span class='ocr_line' id='line_1_13' title="bbox 115 1803 940 1892; baseline 0.001 -21"><span class='ocrx_word' id='word_1_62' title='bbox 115 1803 298 1871; x_wconf 74' lang='lat' dir='ltr'><strong>Externum</strong></span> <span class='ocrx_word' id='word_1_63' title='bbox 321 1806 377 1871; x_wconf 86' lang='lat' dir='ltr'><strong>sed</strong></span> <span class='ocrx_word' id='word_1_64' title='bbox 399 1806 451 1871; x_wconf 87' lang='lat' dir='ltr'><strong>fas</strong></span> <span class='ocrx_word' id='word_1_65' title='bbox 474 1806 667 1892; x_wconf 81' lang='lat' dir='ltr'><strong>coniungere</strong></span> <span class='ocrx_word' id='word_1_66' title='bbox 691 1806 816 1872; x_wconf 88' lang='lat' dir='ltr'><strong>ciuibus</strong></span> <span class='ocrx_word' id='word_1_67' title='bbox 838 1828 940 1873; x_wconf 88' lang='lat' dir='ltr'><strong>unum</strong></span> 
     </span>
     <span class='ocr_line' id='line_1_14' title="bbox 163 1892 1025 1980; baseline 0.005 -22"><span class='ocrx_word' id='word_1_68' title='bbox 163 1894 222 1978; x_wconf 83' lang='lat' dir='ltr'><strong>Te,</strong></span> <span class='ocrx_word' id='word_1_69' title='bbox 245 1892 412 1980; x_wconf 83' lang='lat' dir='ltr'><strong>Staphyli,</strong></span> <span class='ocrx_word' id='word_1_70' title='bbox 435 1895 583 1980; x_wconf 82' lang='lat' dir='ltr'><strong>genitam</strong></span> <span class='ocrx_word' id='word_1_71' title='bbox 606 1896 709 1978; x_wconf 82' lang='lat' dir='ltr'><strong>stirpe</strong></span> <span class='ocrx_word' id='word_1_72' title='bbox 731 1894 859 1961; x_wconf 89' lang='lat' dir='ltr'><strong>Nouem</strong></span> <span class='ocrx_word' id='word_1_73' title='bbox 883 1896 1025 1980; x_wconf 88' lang='lat' dir='ltr'><strong>populis.</strong></span> 
     </span>
     <span class='ocr_line' id='line_1_15' title="bbox 116 1980 1131 2071; baseline 0.004 -25"><span class='ocrx_word' id='word_1_74' title='bbox 116 1980 167 2047; x_wconf 88' lang='lat' dir='ltr'><strong>Tu</strong></span> <span class='ocrx_word' id='word_1_75' title='bbox 181 1982 271 2068; x_wconf 88' lang='lat' dir='ltr'><strong>mihi,</strong></span> <span class='ocrx_word' id='word_1_76' title='bbox 289 1983 375 2067; x_wconf 90' lang='lat' dir='ltr'><strong>quod</strong></span> <span class='ocrx_word' id='word_1_77' title='bbox 389 1984 527 2069; x_wconf 85' lang='lat' dir='ltr'><strong>genitor,</strong></span> <span class='ocrx_word' id='word_1_78' title='bbox 546 1985 631 2068; x_wconf 89' lang='lat' dir='ltr'><strong>quod</strong></span> <span class='ocrx_word' id='word_1_79' title='bbox 646 1985 834 2068; x_wconf 86' lang='lat' dir='ltr'><strong>auunculus,</strong></span> <span class='ocrx_word' id='word_1_80' title='bbox 847 2005 930 2049; x_wconf 91' lang='lat' dir='ltr'><strong>unus</strong></span> <span class='ocrx_word' id='word_1_81' title='bbox 944 1989 1131 2071; x_wconf 87' lang='lat' dir='ltr'><strong>utrumque:</strong></span> 
     </span>
     <span class='ocr_line' id='line_1_16' title="bbox 160 2070 1129 2154; baseline 0.007 -20"><span class='ocrx_word' id='word_1_82' title='bbox 160 2070 256 2135; x_wconf 83' lang='lat' dir='ltr'><strong>Alter</strong></span> <span class='ocrx_word' id='word_1_83' title='bbox 278 2076 315 2135; x_wconf 88' lang='lat' dir='ltr'><strong>ut</strong></span> <span class='ocrx_word' id='word_1_84' title='bbox 337 2070 518 2154; x_wconf 85' lang='lat' dir='ltr'><strong>Ausonius,</strong></span> <span class='ocrx_word' id='word_1_85' title='bbox 540 2073 624 2136; x_wconf 80' lang='lat' dir='ltr'><strong>alter</strong></span> <span class='ocrx_word' id='word_1_86' title='bbox 647 2076 684 2137; x_wconf 88' lang='lat' dir='ltr'><strong>ut</strong></span> <span class='ocrx_word' id='word_1_87' title='bbox 707 2073 875 2140; x_wconf 86' lang='lat' dir='ltr'><strong>Arborius.</strong></span> <span class='ocrx_word' id='word_1_88' title='bbox 1113 2092 1129 2141; x_wconf 83' lang='grc'><strong>6</strong></span> 
     </span>
     <span class='ocr_line' id='line_1_17' title="bbox 117 2157 1131 2246; baseline 0.007 -24"><span class='ocrx_word' id='word_1_89' title='bbox 117 2157 337 2225; x_wconf 86' lang='lat' dir='ltr'><strong>Grammatico</strong></span> <span class='ocrx_word' id='word_1_90' title='bbox 356 2159 397 2224; x_wconf 91' lang='lat' dir='ltr'><strong>ad</strong></span> <span class='ocrx_word' id='word_1_91' title='bbox 416 2158 574 2225; x_wconf 79' lang='lat' dir='ltr'><strong>Scaurum</strong></span> <span class='ocrx_word' id='word_1_92' title='bbox 594 2166 691 2246; x_wconf 87' lang='lat' dir='ltr'><strong>atque</strong></span> <span class='ocrx_word' id='word_1_93' title='bbox 710 2159 863 2244; x_wconf 88' lang='lat' dir='ltr'><strong>Probum,</strong></span> <span class='ocrx_word' id='word_1_94' title='bbox 886 2163 1131 2246; x_wconf 88' lang='lat' dir='ltr'><strong>promptissime</strong></span> 
     </span>
     <span class='ocr_line' id='line_1_18' title="bbox 755 2249 878 2332; baseline 0 -18"><span class='ocrx_word' id='word_1_95' title='bbox 755 2249 878 2332; x_wconf 88' lang='lat' dir='ltr'><strong>rhetor,</strong></span> 
     </span>
     <span class='ocr_line' id='line_1_19' title="bbox 161 2334 843 2403; baseline 0.007 -5"><span class='ocrx_word' id='word_1_96' title='bbox 161 2334 343 2401; x_wconf 82' lang='lat' dir='ltr'><strong>Historiam</strong></span> <span class='ocrx_word' id='word_1_97' title='bbox 366 2336 486 2402; x_wconf 86' lang='lat' dir='ltr'><strong>callens</strong></span> <span class='ocrx_word' id='word_1_98' title='bbox 510 2335 597 2402; x_wconf 89' lang='lat' dir='ltr'><strong>Liuii</strong></span> <span class='ocrx_word' id='word_1_99' title='bbox 620 2342 653 2402; x_wconf 88' lang='lat' dir='ltr'><strong>et</strong></span> <span class='ocrx_word' id='word_1_100' title='bbox 675 2335 843 2403; x_wconf 86' lang='lat' dir='ltr'><strong>Herodoti.</strong></span> 
     </span>
     <span class='ocr_line' id='line_1_20' title="bbox 115 2421 956 2512; baseline 0.004 -23"><span class='ocrx_word' id='word_1_101' title='bbox 115 2421 229 2489; x_wconf 88' lang='lat' dir='ltr'><strong>Omnis</strong></span> <span class='ocrx_word' id='word_1_102' title='bbox 252 2425 416 2491; x_wconf 89' lang='lat' dir='ltr'><strong>doctrinae</strong></span> <span class='ocrx_word' id='word_1_103' title='bbox 439 2427 523 2492; x_wconf 86' lang='lat' dir='ltr'><strong>ratio</strong></span> <span class='ocrx_word' id='word_1_104' title='bbox 546 2425 608 2491; x_wconf 88' lang='lat' dir='ltr'><strong>tibi</strong></span> <span class='ocrx_word' id='word_1_105' title='bbox 630 2427 777 2512; x_wconf 84' lang='lat' dir='ltr'><strong>cognita,</strong></span> <span class='ocrx_word' id='word_1_106' title='bbox 800 2431 956 2512; x_wconf 88' lang='lat' dir='ltr'><strong>quantam</strong></span> 
     </span>
     <span class='ocr_line' id='line_1_21' title="bbox 160 2511 1129 2582; baseline 0.003 -4"><span class='ocrx_word' id='word_1_107' title='bbox 160 2511 281 2579; x_wconf 77' lang='lat' dir='ltr'><strong>condit</strong></span> <span class='ocrx_word' id='word_1_108' title='bbox 304 2515 458 2580; x_wconf 79' lang='lat' dir='ltr'><strong>sescentis</strong></span> <span class='ocrx_word' id='word_1_109' title='bbox 481 2513 588 2580; x_wconf 87' lang='lat' dir='ltr'><strong>Varro</strong></span> <span class='ocrx_word' id='word_1_110' title='bbox 611 2515 839 2582; x_wconf 92' lang='lat' dir='ltr'><strong>uoluminibus.</strong></span> <span class='ocrx_word' id='word_1_111' title='bbox 1098 2533 1129 2581; x_wconf 92' lang='lat'><strong>10</strong></span> 
     </span>
     <span class='ocr_line' id='line_1_22' title="bbox 114 2601 1046 2689; baseline 0.003 -24"><span class='ocrx_word' id='word_1_112' title='bbox 114 2601 224 2667; x_wconf 85' lang='lat' dir='ltr'><strong>Aurea</strong></span> <span class='ocrx_word' id='word_1_113' title='bbox 246 2625 351 2688; x_wconf 91' lang='lat' dir='ltr'><strong>mens,</strong></span> <span class='ocrx_word' id='word_1_114' title='bbox 373 2626 438 2669; x_wconf 90' lang='lat' dir='ltr'><strong>uox</strong></span> <span class='ocrx_word' id='word_1_115' title='bbox 461 2604 561 2668; x_wconf 81' lang='lat' dir='ltr'><strong>suada</strong></span> <span class='ocrx_word' id='word_1_116' title='bbox 583 2603 659 2687; x_wconf 87' lang='lat' dir='ltr'><strong>tibi,</strong></span> <span class='ocrx_word' id='word_1_117' title='bbox 682 2608 752 2668; x_wconf 90' lang='lat' dir='ltr'><strong>tum</strong></span> <span class='ocrx_word' id='word_1_118' title='bbox 776 2626 881 2669; x_wconf 90' lang='lat' dir='ltr'><strong>sermo</strong></span> <span class='ocrx_word' id='word_1_119' title='bbox 905 2603 1046 2689; x_wconf 86' lang='lat' dir='ltr'><strong>quietus:</strong></span> 
     </span>
     <span class='ocr_line' id='line_1_23' title="bbox 159 2689 1104 2777; baseline 0.002 -22"><span class='ocrx_word' id='word_1_120' title='bbox 159 2689 229 2755; x_wconf 88' lang='lat' dir='ltr'><strong>Neo</strong></span> <span class='ocrx_word' id='word_1_121' title='bbox 252 2697 422 2759; x_wconf 82' lang='lat' dir='ltr'><strong>cunctator</strong></span> <span class='ocrx_word' id='word_1_122' title='bbox 445 2697 528 2773; x_wconf 89' lang='lat' dir='ltr'><strong>erat,</strong></span> <span class='ocrx_word' id='word_1_123' title='bbox 551 2713 609 2757; x_wconf 91' lang='lat' dir='ltr'><strong>neo</strong></span> <span class='ocrx_word' id='word_1_124' title='bbox 631 2697 820 2777; x_wconf 88' lang='lat' dir='ltr'><strong>properator</strong></span> <span class='ocrx_word' id='word_1_125' title='bbox 843 2696 922 2757; x_wconf 88' lang='lat' dir='ltr'><strong>erat.</strong></span> <span class='ocrx_word' id='word_1_126' title='bbox 1101 2760 1104 2764; x_wconf 72' lang='grc'><strong>,</strong></span> 
     </span>
     <span class='ocr_line' id='line_1_24' title="bbox 113 2775 1129 2866; baseline 0.005 -26"><span class='ocrx_word' id='word_1_127' title='bbox 113 2775 254 2843; x_wconf 89' lang='lat' dir='ltr'><strong>Pulchra</strong></span> <span class='ocrx_word' id='word_1_128' title='bbox 277 2785 421 2864; x_wconf 86' lang='lat' dir='ltr'><strong>senecta,</strong></span> <span class='ocrx_word' id='word_1_129' title='bbox 446 2782 554 2847; x_wconf 91' lang='lat' dir='ltr'><strong>nitens</strong></span> <span class='ocrx_word' id='word_1_130' title='bbox 576 2780 723 2864; x_wconf 87' lang='lat' dir='ltr'><strong>habitus,</strong></span> <span class='ocrx_word' id='word_1_131' title='bbox 750 2781 863 2866; x_wconf 89' lang='lat' dir='ltr'><strong>procul</strong></span> <span class='ocrx_word' id='word_1_132' title='bbox 886 2782 936 2846; x_wconf 87' lang='lat' dir='ltr'><strong>ira</strong></span> <span class='ocrx_word' id='word_1_133' title='bbox 959 2781 1129 2866; x_wconf 72' lang='lat' dir='ltr'><strong>dolorque,</strong></span> 
     </span>
     <span class='ocr_line' id='line_1_25' title="bbox 157 2863 855 2956; baseline 0.011 -28"><span class='ocrx_word' id='word_1_134' title='bbox 157 2863 203 2929; x_wconf 81' lang='lat' dir='ltr'><strong>Et</strong></span> <span class='ocrx_word' id='word_1_135' title='bbox 225 2866 371 2950; x_wconf 87' lang='lat' dir='ltr'><strong>placidae</strong></span> <span class='ocrx_word' id='word_1_136' title='bbox 393 2869 482 2934; x_wconf 87' lang='lat' dir='ltr'><strong>uitae</strong></span> <span class='ocrx_word' id='word_1_137' title='bbox 506 2890 651 2956; x_wconf 81' lang='lat' dir='ltr'><strong>congrua</strong></span> <span class='ocrx_word' id='word_1_138' title='bbox 673 2873 761 2934; x_wconf 91' lang='lat' dir='ltr'><strong>meta</strong></span> <span class='ocrx_word' id='word_1_139' title='bbox 784 2870 855 2936; x_wconf 82' lang='lat' dir='ltr'><strong>fuit.</strong></span> 
     </span>
    </p>
   </div>
   <div class='ocr_carea' id='block_1_7' title="bbox 113 3073 1129 3435">
    <p class='ocr_par' dir='ltr' id='par_1_9' title="bbox 113 3073 1129 3216">
     <span class='ocr_line' id='line_1_26' title="bbox 113 3073 1128 3147; baseline 0.008 -19"><span class='ocrx_word' id='word_1_140' title='bbox 113 3091 217 3145; x_wconf 81' lang='lat' dir='ltr'><strong>magno</strong></span> <span class='ocrx_word' id='word_1_141' title='bbox 239 3073 280 3130; x_wconf 77' lang='lat' dir='ltr'><strong>V·</strong></span> <span class='ocrx_word' id='word_1_142' title='bbox 298 3092 368 3132; x_wconf 81' lang='lat' dir='ltr'><strong>corr.</strong></span> <span class='ocrx_word' id='word_1_143' title='bbox 388 3076 610 3147; x_wconf 77' lang='lat' dir='ltr'><strong>Scolipcr1,12</strong></span> <span class='ocrx_word' id='word_1_144' title='bbox 699 3085 715 3133; x_wconf 87' lang='grc'>9</span> <span class='ocrx_word' id='word_1_145' title='bbox 739 3082 887 3134; x_wconf 75' lang='lat' dir='ltr'><strong>uccantem</strong></span> <span class='ocrx_word' id='word_1_146' title='bbox 911 3078 951 3133; x_wconf 76' lang='lat' dir='ltr'><strong>V*</strong></span> <span class='ocrx_word' id='word_1_147' title='bbox 974 3095 1043 3134; x_wconf 77' lang='lat' dir='ltr'><strong>corr.</strong></span> <span class='ocrx_word' id='word_1_148' title='bbox 1064 3080 1128 3136; x_wconf 86' lang='lat' dir='ltr'><strong>Sco·</strong></span> 
     </span>
     <span class='ocr_line' id='line_1_27' title="bbox 113 3147 1129 3216; baseline 0.006 -17"><span class='ocrx_word' id='word_1_149' title='bbox 113 3147 135 3199; x_wconf 78' lang='lat' dir='ltr'><strong>b·</strong></span> <span class='ocrx_word' id='word_1_150' title='bbox 152 3162 183 3201; x_wconf 83' lang='lat' dir='ltr'><strong>er</strong></span> <span class='ocrx_word' id='word_1_151' title='bbox 201 3152 227 3213; x_wconf 87' lang='lat'><strong>1,</strong></span> <span class='ocrx_word' id='word_1_152' title='bbox 246 3152 284 3203; x_wconf 82' lang='lat'><strong>12</strong></span> <span class='ocrx_word' id='word_1_153' title='bbox 366 3154 398 3202; x_wconf 94' lang='lat'><strong>11</strong></span> <span class='ocrx_word' id='word_1_154' title='bbox 423 3149 533 3204; x_wconf 85' lang='lat' dir='ltr'><strong>soboles</strong></span> <span class='ocrx_word' id='word_1_155' title='bbox 557 3148 598 3203; x_wconf 70' lang='lat' dir='ltr'><strong>V‘</strong></span> <span class='ocrx_word' id='word_1_156' title='bbox 615 3152 619 3216; x_wconf 94' lang='grc' dir='ltr'>Ι</span> <span class='ocrx_word' id='word_1_157' title='bbox 635 3153 732 3204; x_wconf 88' lang='lat' dir='ltr'><strong>secuta</strong></span> <span class='ocrx_word' id='word_1_158' title='bbox 755 3149 796 3203; x_wconf 76' lang='lat' dir='ltr'><strong>V·</strong></span> <span class='ocrx_word' id='word_1_159' title='bbox 814 3152 941 3205; x_wconf 77' lang='lat' dir='ltr'><strong>resecuta</strong></span> <span class='ocrx_word' id='word_1_160' title='bbox 957 3151 1003 3205; x_wconf 80' lang='lat' dir='ltr'><strong>ael</strong></span> <span class='ocrx_word' id='word_1_161' title='bbox 1021 3153 1129 3206; x_wconf 86' lang='lat' dir='ltr'><strong>sectata</strong></span> 
     </span>
    </p>

    <p class='ocr_par' dir='ltr' id='par_1_10' title="bbox 113 3219 1127 3435">
     <span class='ocr_line' id='line_1_28' title="bbox 143 3219 1127 3290; baseline 0.006 -20"><span class='ocrx_word' id='word_1_162' title='bbox 143 3219 232 3273; x_wconf 68' lang='lat' dir='ltr'><strong>iactae</strong></span> <span class='ocrx_word' id='word_1_163' title='bbox 267 3219 319 3274; x_wconf 81' lang='lat' dir='ltr'><strong>Est</strong></span> <span class='ocrx_word' id='word_1_164' title='bbox 336 3221 357 3274; x_wconf 89' lang='lat' dir='ltr'><strong>t.</strong></span> <span class='ocrx_word' id='word_1_165' title='bbox 376 3237 404 3273; x_wconf 89' lang='lat' dir='ltr'><strong>n.</strong></span> <span class='ocrx_word' id='word_1_166' title='bbox 424 3237 445 3274; x_wconf 92' lang='lat' dir='ltr'><strong>s.</strong></span> <span class='ocrx_word' id='word_1_167' title='bbox 469 3237 630 3288; x_wconf 87' lang='lat' dir='ltr'><strong>moremque</strong></span> <span class='ocrx_word' id='word_1_168' title='bbox 649 3224 747 3276; x_wconf 83' lang='lat' dir='ltr'><strong>secuta</strong></span> <span class='ocrx_word' id='word_1_169' title='bbox 764 3220 889 3290; x_wconf 72' lang='lat' dir='ltr'><strong>Scaliper</strong></span> <span class='ocrx_word' id='word_1_170' title='bbox 907 3226 933 3286; x_wconf 90' lang='lat'><strong>1,</strong></span> <span class='ocrx_word' id='word_1_171' title='bbox 952 3224 990 3276; x_wconf 81' lang='lat'><strong>12</strong></span> <span class='ocrx_word' id='word_1_172' title='bbox 1015 3225 1020 3289; x_wconf 91' lang='grc' dir='ltr'>Ι</span> <span class='ocrx_word' id='word_1_173' title='bbox 1044 3240 1072 3277; x_wconf 77' lang='lat' dir='ltr'><strong>re.</strong></span> <span class='ocrx_word' id='word_1_174' title='bbox 1093 3225 1127 3277; x_wconf 86' lang='lat'><strong>13</strong></span> 
     </span>
     <span class='ocr_line' id='line_1_29' title="bbox 113 3289 1125 3363; baseline 0.004 -21"><span class='ocrx_word' id='word_1_175' title='bbox 113 3289 193 3342; x_wconf 78' lang='lat' dir='ltr'><strong>nullo</strong></span> <span class='ocrx_word' id='word_1_176' title='bbox 212 3290 314 3345; x_wconf 73' lang='lat' dir='ltr'><strong>lacuna</strong></span> <span class='ocrx_word' id='word_1_177' title='bbox 334 3308 384 3346; x_wconf 88' lang='lat' dir='ltr'><strong>om.</strong></span> <span class='ocrx_word' id='word_1_178' title='bbox 407 3289 448 3344; x_wconf 70' lang='lat' dir='ltr'><strong>V*</strong></span> <span class='ocrx_word' id='word_1_179' title='bbox 502 3297 535 3345; x_wconf 87' lang='lat'><strong>14</strong></span> <span class='ocrx_word' id='word_1_180' title='bbox 549 3292 564 3326; x_wconf 83' lang='grc'><em>*</em></span> <span class='ocrx_word' id='word_1_181' title='bbox 579 3291 635 3346; x_wconf 86' lang='lat' dir='ltr'><strong>Sed</strong></span> <span class='ocrx_word' id='word_1_182' title='bbox 653 3291 724 3346; x_wconf 87' lang='lat' dir='ltr'><strong>uelit</strong></span> <span class='ocrx_word' id='word_1_183' title='bbox 740 3291 815 3346; x_wconf 88' lang='lat' dir='ltr'><strong>nolit</strong></span> <span class='ocrx_word' id='word_1_184' title='bbox 832 3291 924 3347; x_wconf 85' lang='lat' dir='ltr'><strong>famae</strong></span> <span class='ocrx_word' id='word_1_185' title='bbox 943 3290 1125 3363; x_wconf 75' lang='lat' dir='ltr'><strong>Burdigalam</strong></span> 
     </span>
     <span class='ocr_line' id='line_1_30' title="bbox 113 3358 1127 3435; baseline 0.008 -24"><span class='ocrx_word' id='word_1_186' title='bbox 113 3358 243 3414; x_wconf 73' lang='lat' dir='ltr'><strong>referet*</strong></span> <span class='ocrx_word' id='word_1_187' title='bbox 277 3363 317 3416; x_wconf 81' lang='lat' dir='ltr'><strong>sic</strong></span> <span class='ocrx_word' id='word_1_188' title='bbox 341 3361 381 3415; x_wconf 72' lang='lat' dir='ltr'><strong>V*</strong></span> <span class='ocrx_word' id='word_1_189' title='bbox 400 3365 467 3431; x_wconf 75' lang='lat' dir='ltr'><strong>(oon</strong></span> <span class='ocrx_word' id='word_1_190' title='bbox 485 3362 600 3432; x_wconf 86' lang='lat' dir='ltr'><strong>referat)</strong></span> <span class='ocrx_word' id='word_1_191' title='bbox 619 3378 687 3417; x_wconf 84' lang='lat' dir='ltr'><strong>corr.</strong></span> <span class='ocrx_word' id='word_1_192' title='bbox 709 3363 808 3432; x_wconf 80' lang='lat' dir='ltr'><strong>Pce&#39;per</strong></span> <span class='ocrx_word' id='word_1_193' title='bbox 826 3380 887 3418; x_wconf 84' lang='lat' dir='ltr'><strong>oum</strong></span> <span class='ocrx_word' id='word_1_194' title='bbox 905 3361 1044 3435; x_wconf 70' lang='lat' dir='ltr'><strong>Sooltpcro</strong></span> <span class='ocrx_word' id='word_1_195' title='bbox 1055 3367 1127 3431; x_wconf 73' lang='lat'><strong>1,12</strong></span> 
     </span>
    </p>
   </div>
   <div class='ocr_carea' id='block_1_8' title="bbox 111 3449 1127 3948">
    <p class='ocr_par' dir='ltr' id='par_1_11' title="bbox 111 3449 1127 3948">
     <span class='ocr_line' id='line_1_31' title="bbox 184 3449 1127 3524; baseline 0.006 -22"><span class='ocrx_word' id='word_1_196' title='bbox 184 3449 237 3503; x_wconf 88' lang='lat' dir='ltr'><strong>XX</strong></span> <span class='ocrx_word' id='word_1_197' title='bbox 256 3449 368 3504; x_wconf 84' lang='lat' dir='ltr'><strong>Stofilua</strong></span> <span class='ocrx_word' id='word_1_198' title='bbox 392 3450 433 3504; x_wconf 67' lang='lat' dir='ltr'><strong>V*</strong></span> <span class='ocrx_word' id='word_1_199' title='bbox 451 3466 520 3507; x_wconf 76' lang='lat' dir='ltr'><strong>corr.</strong></span> <span class='ocrx_word' id='word_1_200' title='bbox 545 3451 671 3520; x_wconf 72' lang='lat' dir='ltr'><strong>Vincere,</strong></span> <span class='ocrx_word' id='word_1_201' title='bbox 691 3450 781 3506; x_wconf 83' lang='lat' dir='ltr'><strong>Stefili</strong></span> <span class='ocrx_word' id='word_1_202' title='bbox 799 3453 882 3507; x_wconf 72' lang='lat' dir='ltr'><strong>isaer.</strong></span> <span class='ocrx_word' id='word_1_203' title='bbox 901 3468 937 3507; x_wconf 86' lang='lat' dir='ltr'><strong>os</strong></span> <span class='ocrx_word' id='word_1_204' title='bbox 954 3454 1127 3524; x_wconf 73' lang='lat' dir='ltr'><strong>(opoqropbo</strong></span> 
     </span>
     <span class='ocr_line' id='line_1_32' title="bbox 117 3518 1125 3593; baseline 0.006 -21"><span class='ocrx_word' id='word_1_205' title='bbox 117 3518 323 3576; x_wconf 74' lang='lat' dir='ltr'><strong>Viradoboreeoae</strong></span> <span class='ocrx_word' id='word_1_206' title='bbox 341 3527 365 3575; x_wconf 83' lang='lat' dir='ltr'><strong>et</strong></span> <span class='ocrx_word' id='word_1_207' title='bbox 383 3521 621 3590; x_wconf 74' lang='lat' dir='ltr'><strong>Solwnkeliamem,</strong></span> <span class='ocrx_word' id='word_1_208' title='bbox 648 3540 717 3592; x_wconf 79' lang='lat' dir='ltr'><strong>quoe</strong></span> <span class='ocrx_word' id='word_1_209' title='bbox 735 3523 834 3578; x_wconf 73' lang='lat' dir='ltr'><strong>babent</strong></span> <span class='ocrx_word' id='word_1_210' title='bbox 851 3541 899 3578; x_wconf 78' lang='lat' dir='ltr'><strong>roe.</strong></span> <span class='ocrx_word' id='word_1_211' title='bbox 920 3528 1019 3593; x_wconf 85' lang='lat'>7-14)</span> <span class='ocrx_word' id='word_1_212' title='bbox 1108 3530 1125 3579; x_wconf 94' lang='lat'>4</span> 
     </span>
     <span class='ocr_line' id='line_1_33' title="bbox 113 3587 1126 3675; baseline 0.009 -33"><span class='ocrx_word' id='word_1_213' title='bbox 113 3587 204 3644; x_wconf 85' lang='lat' dir='ltr'><strong>Stufili</strong></span> <span class='ocrx_word' id='word_1_214' title='bbox 228 3590 268 3644; x_wconf 78' lang='lat' dir='ltr'><strong>V·</strong></span> <span class='ocrx_word' id='word_1_215' title='bbox 336 3594 510 3661; x_wconf 80' lang='lat' dir='ltr'><strong>autrunque</strong></span> <span class='ocrx_word' id='word_1_216' title='bbox 535 3593 576 3646; x_wconf 77' lang='lat' dir='ltr'><strong>V*</strong></span> <span class='ocrx_word' id='word_1_217' title='bbox 639 3594 873 3675; x_wconf 73' lang='lat' dir='ltr'><strong>&#39;lgrcmmaticee</strong></span> <span class='ocrx_word' id='word_1_218' title='bbox 896 3592 952 3648; x_wconf 65' lang='lat' dir='ltr'><strong>V¹o</strong></span> <span class='ocrx_word' id='word_1_219' title='bbox 970 3610 1041 3650; x_wconf 84' lang='lat' dir='ltr'><strong>corr.</strong></span> <span class='ocrx_word' id='word_1_220' title='bbox 1061 3594 1126 3651; x_wconf 77' lang='lat' dir='ltr'><strong>Sco·</strong></span> 
     </span>
     <span class='ocr_line' id='line_1_34' title="bbox 112 3661 1126 3732; baseline 0.008 -18"><span class='ocrx_word' id='word_1_221' title='bbox 112 3661 443 3732; x_wconf 74' lang='lat' dir='ltr'><strong>liper1,14lrethoro</strong></span> <span class='ocrx_word' id='word_1_222' title='bbox 512 3670 545 3718; x_wconf 90' lang='lat'><strong>10</strong></span> <span class='ocrx_word' id='word_1_223' title='bbox 564 3668 701 3719; x_wconf 79' lang='lat' dir='ltr'><strong>sexcentis</strong></span> <span class='ocrx_word' id='word_1_224' title='bbox 719 3663 759 3718; x_wconf 72' lang='lat' dir='ltr'><strong>V*</strong></span> <span class='ocrx_word' id='word_1_225' title='bbox 777 3681 847 3720; x_wconf 79' lang='lat' dir='ltr'><strong>corr.</strong></span> <span class='ocrx_word' id='word_1_226' title='bbox 866 3681 901 3719; x_wconf 85' lang='lat' dir='ltr'><strong>os</strong></span> <span class='ocrx_word' id='word_1_227' title='bbox 956 3671 989 3720; x_wconf 78' lang='lat'><strong>12</strong></span> <span class='ocrx_word' id='word_1_228' title='bbox 1008 3682 1071 3722; x_wconf 87' lang='lat' dir='ltr'><strong>eras</strong></span> <span class='ocrx_word' id='word_1_229' title='bbox 1088 3665 1126 3721; x_wconf 69' lang='lat' dir='ltr'><strong>V‘</strong></span> 
     </span>
     <span class='ocr_line' id='line_1_35' title="bbox 112 3734 1125 3805; baseline 0.008 -21"><span class='ocrx_word' id='word_1_230' title='bbox 112 3734 173 3785; x_wconf 92' lang='lat' dir='ltr'><strong>erat</strong></span> <span class='ocrx_word' id='word_1_231' title='bbox 191 3749 225 3787; x_wconf 85' lang='lat' dir='ltr'><strong>vs</strong></span> <span class='ocrx_word' id='word_1_232' title='bbox 241 3735 245 3802; x_wconf 83' lang='grc' dir='ltr'>Ι</span> <span class='ocrx_word' id='word_1_233' title='bbox 261 3737 428 3801; x_wconf 83' lang='lat' dir='ltr'><strong>properator</strong></span> <span class='ocrx_word' id='word_1_234' title='bbox 446 3736 506 3789; x_wconf 85' lang='lat' dir='ltr'><strong>erat</strong></span> <span class='ocrx_word' id='word_1_235' title='bbox 524 3751 559 3790; x_wconf 86' lang='lat' dir='ltr'><strong>os</strong></span> <span class='ocrx_word' id='word_1_236' title='bbox 576 3738 745 3805; x_wconf 86' lang='lat' dir='ltr'><strong>properante</strong></span> <span class='ocrx_word' id='word_1_237' title='bbox 763 3753 832 3791; x_wconf 87' lang='lat' dir='ltr'><strong>sono</strong></span> <span class='ocrx_word' id='word_1_238' title='bbox 857 3735 897 3790; x_wconf 70' lang='lat' dir='ltr'><strong>V*</strong></span> <span class='ocrx_word' id='word_1_239' title='bbox 977 3743 1011 3792; x_wconf 77' lang='grc'><strong>13</strong></span> <span class='ocrx_word' id='word_1_240' title='bbox 1035 3737 1125 3792; x_wconf 90' lang='lat' dir='ltr'><strong>dolor·</strong></span> 
     </span>
     <span class='ocr_line' id='line_1_36' title="bbox 111 3803 1124 3875; baseline 0.008 -19"><span class='ocrx_word' id='word_1_241' title='bbox 111 3819 165 3870; x_wconf 89' lang='lat' dir='ltr'><strong>que</strong></span> <span class='ocrx_word' id='word_1_242' title='bbox 186 3803 286 3873; x_wconf 79' lang='lat' dir='ltr'><strong>Pes&#39;pcr</strong></span> <span class='ocrx_word' id='word_1_243' title='bbox 304 3805 440 3872; x_wconf 84' lang='lat' dir='ltr'><strong>dolusque</strong></span> <span class='ocrx_word' id='word_1_244' title='bbox 464 3805 522 3861; x_wconf 63' lang='lat' dir='ltr'><strong>V‘a</strong></span> <span class='ocrx_word' id='word_1_245' title='bbox 540 3805 588 3860; x_wconf 89' lang='lat' dir='ltr'><strong>dol</strong></span> <span class='ocrx_word' id='word_1_246' title='bbox 607 3810 704 3875; x_wconf 89' lang='lat' dir='ltr'><strong>(usque</strong></span> <span class='ocrx_word' id='word_1_247' title='bbox 723 3813 819 3875; x_wconf 85' lang='lat' dir='ltr'><strong>om.)c</strong></span> <span class='ocrx_word' id='word_1_248' title='bbox 893 3813 926 3862; x_wconf 93' lang='lat'><strong>14</strong></span> <span class='ocrx_word' id='word_1_249' title='bbox 945 3807 1022 3864; x_wconf 79' lang='lat' dir='ltr'><strong>uitae</strong></span> <span class='ocrx_word' id='word_1_250' title='bbox 1039 3808 1124 3864; x_wconf 81' lang='lat' dir='ltr'><strong>Grac·</strong></span> 
     </span>
     <span class='ocr_line' id='line_1_37' title="bbox 111 3874 820 3948; baseline 0.008 -20"><span class='ocrx_word' id='word_1_251' title='bbox 111 3875 177 3928; x_wconf 79' lang='lat' dir='ltr'><strong>uiuo</strong></span> <span class='ocrx_word' id='word_1_252' title='bbox 194 3875 258 3929; x_wconf 88' lang='lat' dir='ltr'><strong>finis</strong></span> <span class='ocrx_word' id='word_1_253' title='bbox 276 3874 316 3930; x_wconf 70' lang='lat' dir='ltr'><strong>V*</strong></span> <span class='ocrx_word' id='word_1_254' title='bbox 334 3891 368 3931; x_wconf 85' lang='lat' dir='ltr'><strong>ce</strong></span> <span class='ocrx_word' id='word_1_255' title='bbox 383 3878 387 3944; x_wconf 92' lang='grc'>1</span> <span class='ocrx_word' id='word_1_256' title='bbox 403 3876 471 3948; x_wconf 86' lang='lat' dir='ltr'><strong>fuit]</strong></span> <span class='ocrx_word' id='word_1_257' title='bbox 490 3877 543 3931; x_wconf 91' lang='lat' dir='ltr'><strong>tibi</strong></span> <span class='ocrx_word' id='word_1_258' title='bbox 561 3878 692 3933; x_wconf 76' lang='lat' dir='ltr'><strong>Accurrit</strong></span> <span class='ocrx_word' id='word_1_259' title='bbox 709 3880 820 3934; x_wconf 77' lang='lat' dir='ltr'><strong>schedae</strong></span> 
     </span>
    </p>
   </div>
   <div class='ocr_carea' id='block_1_9' title="bbox 0 0 1220 4274">
    <p class='ocr_par' dir='ltr' id='par_1_12' title="bbox 0 0 1220 4274">
     <span class='ocr_line' id='line_1_38' title="bbox 0 0 1220 4274; baseline 0 1"><span class='ocrx_word' id='word_1_260' title='bbox 0 0 1220 4274; x_wconf 95' lang='lat' dir='ltr'><strong> </strong></span> 
     </span>
    </p>
   </div>
  </div>
 </body>
</html>
