2430 4274
386 35 1209 283 fl-

525 531 723 594 -6.„

254 688 371 775 Surge,
394 693 549 774 nugator,
571 686 740 753 lacerande
764 688 880 774 uirgis:

255 778 370 864 Surge,
393 799 433 842 nc
457 780 573 862 longus
597 777 660 842 tibi
682 798 827 855 somnus,
852 775 932 841 unde

253 866 331 933 Non
353 867 464 950 times,
488 866 593 931 detur:
616 887 694 949 rape
719 866 865 930 membra
887 864 992 948 molli,

422 956 596 1039 Parmeno,
618 954 713 1020 lecto.

250 1114 332 1181 Fors
356 1119 388 1179 et
410 1114 491 1179 haee
514 1135 664 1178 somnum
687 1113 748 1176 tibi
772 1113 935 1177 cantilena

252 1202 415 1287 Sapphico
439 1203 554 1268 suadet
576 1202 740 1267 modulata
763 1201 881 1266 uersu?

251 1291 386 1357 Lesbiae
409 1291 534 1375 depelle
559 1291 688 1355 modum
712 1290 848 1373 quietis,

422 1381 506 1444 Acer
529 1378 645 1443 iambe.

507 1604 738 1663 PARECBASIS.

331 1737 429 1817 Puer,
451 1736 515 1820 eia,
539 1755 636 1820 surge
659 1739 692 1798 et
714 1734 840 1799 calceos

331 1825 376 1890 Et
398 1826 534 1890 linteam
557 1825 600 1888 da
622 1824 799 1889 sindonem.

332 1915 396 1996 Da,
419 1912 575 1999 quidquid
599 1916 661 1996 est,
685 1912 819 1977 amictui

332 2001 423 2078 Quod
446 2003 512 2067 iam
535 2002 673 2085 parasti,
696 2004 734 2064 nt
756 2002 922 2084 prodeam.

332 2090 384 2155 Da
406 2112 479 2155 rore
502 2091 636 2154 fontano
661 2089 792 2154 abluam

332 2177 447 2243 Manus
471 2183 504 2243 et
527 2200 563 2243 os
587 2183 620 2242 et
642 2179 775 2244 lumina.

333 2267 525 2352 Pateatque‚
549 2268 615 2351 fac,
639 2268 817 2332 sacrarium

333 2356 432 2421 Nullo
455 2365 570 2442 paratu
593 2357 808 2422 extrinsecus:

333 2445 391 2511 Pia
414 2447 527 2530 uerba,
550 2448 629 2509 nota
652 2445 799 2528 innoxia,

335 2534 396 2601 Rei
419 2536 548 2600 diuinae
572 2535 665 2618 copia
689 2537 747 2600 est.

333 2623 402 2689 Nec
425 2630 479 2689 tus
502 2629 708 2689 cremandum
731 2629 859 2708 postulo

333 2712 403 2777 Nec
426 2715 494 2776 liba
516 2713 617 2777 crusti
642 2711 764 2790 mellei,

333 2801 549 2884 lloculumque
573 2800 641 2865 uiui
665 2802 817 2886 caespitis

334 2887 437 2953 Vanis
460 2890 608 2973 relinquo
632 2889 803 2955 altaribus.

334 2976 423 3042 Deus
446 2978 625 3061 precandus
650 2982 701 3043 est
724 2978 804 3042 mihi

335 3065 383 3130 Ae
406 3065 492 3130 filius
517 3068 634 3131 summi
657 3066 721 3150 dei,

336 3154 492 3220 Maiestas
516 3155 737 3236 uniusmodi,

337 3242 467 3309 Sociata
491 3265 582 3308 sacro
607 3243 732 3327 spiritu.

194 3459 228 3508 22
248 3454 344 3509 saffico
369 3454 395 3506 V
446 3460 480 3508 23
499 3452 618 3509 Lesbiae
637 3453 830 3525 Scaliper1,7
850 3453 934 3509 lesbii
958 3452 1001 3522 V}
1025 3421 1142 3508 modriin

123 3560 172 3630 (al.
190 3564 272 3630 coer.)
295 3560 323 3614 V
336 3528 432 3616 ldsbos
450 3559 543 3615 insula
562 3560 639 3616 urbis
658 3543 802 3615 methinaa
821 3562 940 3631 eatque
957 3576 992 3615 m.
1010 3576 1097 3630 merp.
1118 3559 1147 3612 V

75 3686 105 3738 V
196 3683 302 3740 Hiran
321 3668 626 3769 rmrcnnsrs¹enrs1co
646 3687 674 3753 (Δ
688 3686 725 3739 al.
739 3689 784 3767 aa.)
802 3704 838 3739 nn
857 3703 994 3739 urrunnun
1011 3684 1079 3739 min.
1099 3685 1143 3753 (ia

122 3772 210 3826 wa.
229 3759 315 3880 apa.
334 3756 798 3883 'l'h‘tlt‘mblllllllmll
811 3754 873 3882 'ia
889 3754 1148 3895 tlll'ssets

118 3842 273 3955 omini
294 3899 325 3952 V
393 3907 428 3958 16
448 3901 505 3959 hac
530 3899 558 3956 Υ
629 3905 664 3958 18
683 3897 786 3970 spiritu
831 3844 921 3954 incius
937 3896 1052 3966 spiritui
1073 3897 1102 3950 Υ
