<?xml version="1.0" encoding="UTF-8"?>
<!DOCTYPE html PUBLIC "-//W3C//DTD XHTML 1.0 Transitional//EN"
    "http://www.w3.org/TR/xhtml1/DTD/xhtml1-transitional.dtd">
<html xmlns="http://www.w3.org/1999/xhtml" xml:lang="en" lang="en">
 <head>
  <title>
</title>
<meta http-equiv="Content-Type" content="text/html;charset=utf-8" />
  <meta name='ocr-system' content='tesseract 3.04.00' />
  <meta name='ocr-capabilities' content='ocr_page ocr_carea ocr_par ocr_line ocrx_word'/>
</head>
<body>
  <div class='ocr_page' id='page_1' title='image "./decimimagniavso00ausogoog_0168.png"; bbox 0 0 2430 4274; ppageno 0'>
   <div class='ocr_carea' id='block_1_1' title="bbox 525 559 741 638">
    <p class='ocr_par' dir='ltr' id='par_1_1' title="bbox 525 559 741 638">
     <span class='ocr_line' id='line_1_1' title="bbox 525 559 741 638; baseline -0.005 -14"><span class='ocrx_word' id='word_1_1' title='bbox 525 559 741 638; x_wconf 54' lang='lat'><strong>735-</strong></span> 
     </span>
    </p>
   </div>
   <div class='ocr_carea' id='block_1_2' title="bbox 124 717 1118 893">
    <p class='ocr_par' dir='ltr' id='par_1_2' title="bbox 124 717 1118 893">
     <span class='ocr_line' id='line_1_2' title="bbox 124 717 1118 803; baseline 0 -19"><span class='ocrx_word' id='word_1_2' title='bbox 124 717 261 785; x_wconf 78' lang='lat' dir='ltr'><strong>Gaelebs</strong></span> <span class='ocrx_word' id='word_1_3' title='bbox 282 739 424 802; x_wconf 87' lang='lat' dir='ltr'><strong>namque</strong></span> <span class='ocrx_word' id='word_1_4' title='bbox 448 739 547 803; x_wconf 82' lang='lat' dir='ltr'><strong>gener</strong></span> <span class='ocrx_word' id='word_1_5' title='bbox 568 717 650 784; x_wconf 88' lang='lat' dir='ltr'><strong>haec</strong></span> <span class='ocrx_word' id='word_1_6' title='bbox 672 739 758 783; x_wconf 90' lang='lat' dir='ltr'><strong>nunc</strong></span> <span class='ocrx_word' id='word_1_7' title='bbox 781 719 835 802; x_wconf 81' lang='lat' dir='ltr'><strong>pin</strong></span> <span class='ocrx_word' id='word_1_8' title='bbox 858 741 991 785; x_wconf 89' lang='lat' dir='ltr'><strong>munera</strong></span> <span class='ocrx_word' id='word_1_9' title='bbox 1014 721 1118 784; x_wconf 87' lang='lat' dir='ltr'><strong>solvo:</strong></span> 
     </span>
     <span class='ocr_line' id='line_1_3' title="bbox 165 806 1113 893; baseline -0.001 -19"><span class='ocrx_word' id='word_1_10' title='bbox 165 807 254 874; x_wconf 90' lang='lat' dir='ltr'><strong>Nam</strong></span> <span class='ocrx_word' id='word_1_11' title='bbox 277 812 311 871; x_wconf 91' lang='lat' dir='ltr'><strong>et</strong></span> <span class='ocrx_word' id='word_1_12' title='bbox 333 807 462 873; x_wconf 84' lang='lat' dir='ltr'><strong>caelebs</strong></span> <span class='ocrx_word' id='word_1_13' title='bbox 485 828 662 890; x_wconf 81' lang='lat' dir='ltr'><strong>numquam</strong></span> <span class='ocrx_word' id='word_1_14' title='bbox 686 806 832 871; x_wconf 79' lang='lat' dir='ltr'><strong>desinam</strong></span> <span class='ocrx_word' id='word_1_15' title='bbox 857 812 890 873; x_wconf 90' lang='lat' dir='ltr'><strong>et</strong></span> <span class='ocrx_word' id='word_1_16' title='bbox 912 829 983 873; x_wconf 87' lang='lat' dir='ltr'><strong>esse</strong></span> <span class='ocrx_word' id='word_1_17' title='bbox 1006 829 1113 893; x_wconf 81' lang='lat' dir='ltr'><strong>gener.</strong></span> 
     </span>
    </p>
   </div>
   <div class='ocr_carea' id='block_1_3' title="bbox 80 1051 988 1124">
    <p class='ocr_par' dir='ltr' id='par_1_3' title="bbox 80 1051 988 1124">
     <span class='ocr_line' id='line_1_4' title="bbox 80 1051 988 1124; baseline -0.006 -12"><span class='ocrx_word' id='word_1_18' title='bbox 80 1073 127 1124; x_wconf 78' lang='lat' dir='ltr'><strong>[rra]</strong></span> <span class='ocrx_word' id='word_1_19' title='bbox 265 1052 354 1108; x_wconf 77' lang='lat' dir='ltr'><strong>vim</strong></span> <span class='ocrx_word' id='word_1_20' title='bbox 382 1051 539 1107; x_wconf 75' lang='lat' dir='ltr'><strong>A&#39;I&#39;PVSIA</strong></span> <span class='ocrx_word' id='word_1_21' title='bbox 557 1052 706 1108; x_wconf 83' lang='lat' dir='ltr'><strong><em>LVCANA</em></strong></span> <span class='ocrx_word' id='word_1_22' title='bbox 726 1051 860 1108; x_wconf 78' lang='lat' dir='ltr'>SABINA</span> <span class='ocrx_word' id='word_1_23' title='bbox 878 1051 988 1107; x_wconf 83' lang='lat' dir='ltr'><strong><em>VXOR.</em></strong></span> 
     </span>
    </p>
   </div>
   <div class='ocr_carea' id='block_1_4' title="bbox 121 1197 1140 2967">
    <p class='ocr_par' dir='ltr' id='par_1_4' title="bbox 121 1197 1140 2967">
     <span class='ocr_line' id='line_1_5' title="bbox 123 1197 916 1276; baseline -0.001 -13"><span class='ocrx_word' id='word_1_24' title='bbox 123 1198 290 1264; x_wconf 84' lang='lat' dir='ltr'><strong>Hactenus</strong></span> <span class='ocrx_word' id='word_1_25' title='bbox 315 1202 352 1263; x_wconf 87' lang='lat' dir='ltr'><strong>ut</strong></span> <span class='ocrx_word' id='word_1_26' title='bbox 375 1219 480 1276; x_wconf 91' lang='lat' dir='ltr'><strong>caros,</strong></span> <span class='ocrx_word' id='word_1_27' title='bbox 504 1199 553 1262; x_wconf 88' lang='lat' dir='ltr'><strong>ita</strong></span> <span class='ocrx_word' id='word_1_28' title='bbox 575 1199 662 1263; x_wconf 91' lang='lat' dir='ltr'><strong>iusto</strong></span> <span class='ocrx_word' id='word_1_29' title='bbox 685 1197 798 1263; x_wconf 89' lang='lat' dir='ltr'><strong>funere</strong></span> <span class='ocrx_word' id='word_1_30' title='bbox 821 1197 916 1262; x_wconf 87' lang='lat' dir='ltr'><strong>fletos</strong></span> 
     </span>
     <span class='ocr_line' id='line_1_6' title="bbox 166 1286 918 1370; baseline -0.001 -18"><span class='ocrx_word' id='word_1_31' title='bbox 166 1287 295 1352; x_wconf 82' lang='lat' dir='ltr'><strong>Functa</strong></span> <span class='ocrx_word' id='word_1_32' title='bbox 318 1287 381 1370; x_wconf 91' lang='lat' dir='ltr'><strong>piis</strong></span> <span class='ocrx_word' id='word_1_33' title='bbox 406 1287 523 1351; x_wconf 75' lang='lat' dir='ltr'>cecinit</span> <span class='ocrx_word' id='word_1_34' title='bbox 546 1288 645 1352; x_wconf 86' lang='lat' dir='ltr'><strong>nenia</strong></span> <span class='ocrx_word' id='word_1_35' title='bbox 667 1292 782 1351; x_wconf 88' lang='lat' dir='ltr'><strong>nostra</strong></span> <span class='ocrx_word' id='word_1_36' title='bbox 804 1286 918 1351; x_wconf 89' lang='lat' dir='ltr'><strong>modis.</strong></span> 
     </span>
     <span class='ocr_line' id='line_1_7' title="bbox 121 1374 1081 1460; baseline 0.001 -20"><span class='ocrx_word' id='word_1_37' title='bbox 121 1374 219 1440; x_wconf 88' lang='lat' dir='ltr'><strong>Nunc</strong></span> <span class='ocrx_word' id='word_1_38' title='bbox 243 1376 336 1439; x_wconf 88' lang='lat' dir='ltr'><strong>dolor</strong></span> <span class='ocrx_word' id='word_1_39' title='bbox 359 1380 456 1459; x_wconf 86' lang='lat' dir='ltr'><strong>atque</strong></span> <span class='ocrx_word' id='word_1_40' title='bbox 480 1397 590 1440; x_wconf 89' lang='lat' dir='ltr'><strong>cruces</strong></span> <span class='ocrx_word' id='word_1_41' title='bbox 613 1397 672 1440; x_wconf 90' lang='lat' dir='ltr'><strong>nec</strong></span> <span class='ocrx_word' id='word_1_42' title='bbox 695 1375 926 1440; x_wconf 71' lang='lat' dir='ltr'><strong>contrectabile</strong></span> <span class='ocrx_word' id='word_1_43' title='bbox 950 1375 1081 1460; x_wconf 89' lang='lat' dir='ltr'><strong>uulnus,</strong></span> 
     </span>
     <span class='ocr_line' id='line_1_8' title="bbox 165 1462 935 1549; baseline 0 -19"><span class='ocrx_word' id='word_1_44' title='bbox 165 1462 325 1549; x_wconf 79' lang='lat' dir='ltr'><strong>Coniugis</strong></span> <span class='ocrx_word' id='word_1_45' title='bbox 349 1469 479 1548; x_wconf 89' lang='lat' dir='ltr'><strong>ereptae</strong></span> <span class='ocrx_word' id='word_1_46' title='bbox 502 1485 590 1529; x_wconf 90' lang='lat' dir='ltr'><strong>mors</strong></span> <span class='ocrx_word' id='word_1_47' title='bbox 613 1463 823 1529; x_wconf 89' lang='lat' dir='ltr'><strong>memoranda</strong></span> <span class='ocrx_word' id='word_1_48' title='bbox 845 1463 935 1530; x_wconf 92' lang='lat' dir='ltr'><strong>mihi.</strong></span> 
     </span>
     <span class='ocr_line' id='line_1_9' title="bbox 121 1552 1139 1637; baseline 0 -19"><span class='ocrx_word' id='word_1_49' title='bbox 121 1552 254 1618; x_wconf 85' lang='lat' dir='ltr'>Nobilis</span> <span class='ocrx_word' id='word_1_50' title='bbox 278 1575 298 1617; x_wconf 88' lang='lat' dir='ltr'><strong>a</strong></span> <span class='ocrx_word' id='word_1_51' title='bbox 320 1552 453 1637; x_wconf 88' lang='lat' dir='ltr'><strong>proauis</strong></span> <span class='ocrx_word' id='word_1_52' title='bbox 477 1556 511 1616; x_wconf 89' lang='lat' dir='ltr'><strong>et</strong></span> <span class='ocrx_word' id='word_1_53' title='bbox 534 1552 657 1637; x_wconf 81' lang='lat' dir='ltr'><strong>origine</strong></span> <span class='ocrx_word' id='word_1_54' title='bbox 682 1553 771 1616; x_wconf 88' lang='lat' dir='ltr'><strong>clara</strong></span> <span class='ocrx_word' id='word_1_55' title='bbox 795 1557 940 1636; x_wconf 88' lang='lat' dir='ltr'><strong>senatus,</strong></span> <span class='ocrx_word' id='word_1_56' title='bbox 1123 1571 1139 1618; x_wconf 78' lang='lat' dir='ltr'><strong>o</strong></span> 
     </span>
     <span class='ocr_line' id='line_1_10' title="bbox 166 1638 951 1725; baseline -0.001 -19"><span class='ocrx_word' id='word_1_57' title='bbox 166 1641 317 1709; x_wconf 85' lang='lat' dir='ltr'><strong>Moribus</strong></span> <span class='ocrx_word' id='word_1_58' title='bbox 341 1644 438 1725; x_wconf 91' lang='lat' dir='ltr'><strong>atque</strong></span> <span class='ocrx_word' id='word_1_59' title='bbox 461 1641 556 1706; x_wconf 88' lang='lat' dir='ltr'><strong>bonis</strong></span> <span class='ocrx_word' id='word_1_60' title='bbox 580 1641 670 1706; x_wconf 86' lang='lat' dir='ltr'><strong>clara</strong></span> <span class='ocrx_word' id='word_1_61' title='bbox 693 1638 813 1705; x_wconf 83' lang='lat' dir='ltr'><strong>Sabina</strong></span> <span class='ocrx_word' id='word_1_62' title='bbox 836 1642 951 1724; x_wconf 83' lang='lat' dir='ltr'><strong>magis.</strong></span> 
     </span>
     <span class='ocr_line' id='line_1_11' title="bbox 121 1728 901 1813; baseline -0.003 -19"><span class='ocrx_word' id='word_1_63' title='bbox 121 1730 170 1794; x_wconf 87' lang='lat' dir='ltr'><strong>Te</strong></span> <span class='ocrx_word' id='word_1_64' title='bbox 194 1730 321 1794; x_wconf 92' lang='lat' dir='ltr'><strong>iuuenis</strong></span> <span class='ocrx_word' id='word_1_65' title='bbox 344 1729 459 1813; x_wconf 86' lang='lat' dir='ltr'><strong>primis</strong></span> <span class='ocrx_word' id='word_1_66' title='bbox 482 1728 549 1793; x_wconf 88' lang='lat' dir='ltr'><strong>luxi</strong></span> <span class='ocrx_word' id='word_1_67' title='bbox 574 1728 727 1813; x_wconf 90' lang='lat' dir='ltr'><strong>deceptus</strong></span> <span class='ocrx_word' id='word_1_68' title='bbox 750 1729 784 1792; x_wconf 89' lang='lat' dir='ltr'><strong>in</strong></span> <span class='ocrx_word' id='word_1_69' title='bbox 807 1729 901 1793; x_wconf 88' lang='lat' dir='ltr'><strong>annis</strong></span> 
     </span>
     <span class='ocr_line' id='line_1_12' title="bbox 166 1816 968 1903; baseline 0 -21"><span class='ocrx_word' id='word_1_70' title='bbox 166 1817 294 1903; x_wconf 83' lang='lat' dir='ltr'><strong>Perque</strong></span> <span class='ocrx_word' id='word_1_71' title='bbox 315 1840 432 1883; x_wconf 92' lang='lat' dir='ltr'><strong>nouem</strong></span> <span class='ocrx_word' id='word_1_72' title='bbox 456 1817 583 1884; x_wconf 85' lang='lat' dir='ltr'><strong>caelebs</strong></span> <span class='ocrx_word' id='word_1_73' title='bbox 606 1821 639 1882; x_wconf 87' lang='lat' dir='ltr'><strong>te</strong></span> <span class='ocrx_word' id='word_1_74' title='bbox 662 1817 726 1881; x_wconf 89' lang='lat' dir='ltr'><strong>fleo</strong></span> <span class='ocrx_word' id='word_1_75' title='bbox 749 1816 968 1902; x_wconf 85' lang='lat' dir='ltr'><strong>Olympiadas.</strong></span> 
     </span>
     <span class='ocr_line' id='line_1_13' title="bbox 121 1904 918 1990; baseline -0.001 -18"><span class='ocrx_word' id='word_1_76' title='bbox 121 1907 193 1973; x_wconf 85' lang='lat' dir='ltr'><strong>Nec</strong></span> <span class='ocrx_word' id='word_1_77' title='bbox 216 1908 294 1972; x_wconf 89' lang='lat' dir='ltr'><strong>licet</strong></span> <span class='ocrx_word' id='word_1_78' title='bbox 317 1904 491 1972; x_wconf 86' lang='lat' dir='ltr'><strong>obductum</strong></span> <span class='ocrx_word' id='word_1_79' title='bbox 515 1907 606 1972; x_wconf 89' lang='lat' dir='ltr'><strong>senio</strong></span> <span class='ocrx_word' id='word_1_80' title='bbox 629 1906 737 1990; x_wconf 90' lang='lat' dir='ltr'><strong>sopire</strong></span> <span class='ocrx_word' id='word_1_81' title='bbox 751 1905 918 1971; x_wconf 86' lang='lat' dir='ltr'><strong>dolorem:</strong></span> 
     </span>
     <span class='ocr_line' id='line_1_14' title="bbox 167 1994 1139 2079; baseline 0.001 -17"><span class='ocrx_word' id='word_1_82' title='bbox 167 1994 304 2079; x_wconf 83' lang='lat' dir='ltr'><strong>Semper</strong></span> <span class='ocrx_word' id='word_1_83' title='bbox 327 1996 487 2061; x_wconf 78' lang='lat' dir='ltr'><strong>crudescit</strong></span> <span class='ocrx_word' id='word_1_84' title='bbox 509 2017 585 2060; x_wconf 91' lang='lat' dir='ltr'><strong>nam</strong></span> <span class='ocrx_word' id='word_1_85' title='bbox 608 1995 689 2058; x_wconf 91' lang='lat' dir='ltr'><strong>mihi</strong></span> <span class='ocrx_word' id='word_1_86' title='bbox 712 2016 814 2077; x_wconf 86' lang='lat' dir='ltr'><strong>paene</strong></span> <span class='ocrx_word' id='word_1_87' title='bbox 838 2016 957 2061; x_wconf 89' lang='lat' dir='ltr'><strong>recens.</strong></span> <span class='ocrx_word' id='word_1_88' title='bbox 1106 2013 1139 2063; x_wconf 91' lang='lat'><strong>10</strong></span> 
     </span>
     <span class='ocr_line' id='line_1_15' title="bbox 123 2083 846 2168; baseline -0.001 -19"><span class='ocrx_word' id='word_1_89' title='bbox 123 2085 317 2149; x_wconf 83' lang='lat' dir='ltr'><strong>Admittunt</strong></span> <span class='ocrx_word' id='word_1_90' title='bbox 339 2084 395 2148; x_wconf 88' lang='lat' dir='ltr'><strong>alii</strong></span> <span class='ocrx_word' id='word_1_91' title='bbox 419 2086 541 2150; x_wconf 87' lang='lat' dir='ltr'><strong>solacia</strong></span> <span class='ocrx_word' id='word_1_92' title='bbox 563 2084 718 2167; x_wconf 87' lang='lat' dir='ltr'><strong>temporis</strong></span> <span class='ocrx_word' id='word_1_93' title='bbox 743 2083 846 2168; x_wconf 84' lang='lat' dir='ltr'><strong>aegri:</strong></span> 
     </span>
     <span class='ocr_line' id='line_1_16' title="bbox 168 2172 917 2258; baseline 0 -20"><span class='ocrx_word' id='word_1_94' title='bbox 168 2172 258 2238; x_wconf 87' lang='lat' dir='ltr'><strong>Heec</strong></span> <span class='ocrx_word' id='word_1_95' title='bbox 282 2174 435 2258; x_wconf 84' lang='lat' dir='ltr'><strong>grauiora</strong></span> <span class='ocrx_word' id='word_1_96' title='bbox 457 2173 537 2238; x_wconf 85' lang='lat' dir='ltr'><strong>facit</strong></span> <span class='ocrx_word' id='word_1_97' title='bbox 560 2173 695 2237; x_wconf 89' lang='lat' dir='ltr'><strong>uulnera</strong></span> <span class='ocrx_word' id='word_1_98' title='bbox 718 2173 818 2256; x_wconf 82' lang='lat' dir='ltr'><strong>longa</strong></span> <span class='ocrx_word' id='word_1_99' title='bbox 841 2173 917 2238; x_wconf 89' lang='lat' dir='ltr'><strong>dics.</strong></span> 
     </span>
     <span class='ocr_line' id='line_1_17' title="bbox 123 2261 967 2347; baseline 0.001 -22"><span class='ocrx_word' id='word_1_100' title='bbox 123 2261 275 2347; x_wconf 83' lang='lat' dir='ltr'><strong>Torqueo</strong></span> <span class='ocrx_word' id='word_1_101' title='bbox 299 2262 451 2345; x_wconf 85' lang='lat' dir='ltr'><strong>deceptos</strong></span> <span class='ocrx_word' id='word_1_102' title='bbox 475 2281 536 2345; x_wconf 86' lang='lat' dir='ltr'><strong>ego</strong></span> <span class='ocrx_word' id='word_1_103' title='bbox 559 2261 630 2325; x_wconf 88' lang='lat' dir='ltr'><strong>uita</strong></span> <span class='ocrx_word' id='word_1_104' title='bbox 653 2261 776 2326; x_wconf 89' lang='lat' dir='ltr'><strong>caelibe</strong></span> <span class='ocrx_word' id='word_1_105' title='bbox 800 2284 897 2327; x_wconf 88' lang='lat' dir='ltr'><strong>canos</strong></span> <span class='ocrx_word' id='word_1_106' title='bbox 942 2286 967 2335; x_wconf 68' lang='grc' dir='ltr'><strong>ο</strong></span> 
     </span>
     <span class='ocr_line' id='line_1_18' title="bbox 169 2350 1027 2436; baseline 0.002 -22"><span class='ocrx_word' id='word_1_107' title='bbox 169 2350 304 2435; x_wconf 89' lang='lat' dir='ltr'><strong>Quoque</strong></span> <span class='ocrx_word' id='word_1_108' title='bbox 328 2351 435 2435; x_wconf 85' lang='lat' dir='ltr'><strong>magis</strong></span> <span class='ocrx_word' id='word_1_109' title='bbox 458 2351 562 2432; x_wconf 89' lang='lat' dir='ltr'><strong>solus,</strong></span> <span class='ocrx_word' id='word_1_110' title='bbox 585 2350 647 2414; x_wconf 90' lang='lat' dir='ltr'><strong>hoc</strong></span> <span class='ocrx_word' id='word_1_111' title='bbox 671 2371 765 2434; x_wconf 82' lang='lat' dir='ltr'><strong>mage</strong></span> <span class='ocrx_word' id='word_1_112' title='bbox 789 2355 933 2416; x_wconf 88' lang='lat' dir='ltr'><strong>maestus</strong></span> <span class='ocrx_word' id='word_1_113' title='bbox 957 2372 1027 2436; x_wconf 82' lang='lat' dir='ltr'><strong>ago.</strong></span> 
     </span>
     <span class='ocr_line' id='line_1_19' title="bbox 122 2438 1139 2523; baseline 0.002 -20"><span class='ocrx_word' id='word_1_114' title='bbox 122 2438 253 2503; x_wconf 83' lang='lat' dir='ltr'><strong>Vulnus</strong></span> <span class='ocrx_word' id='word_1_115' title='bbox 277 2439 350 2523; x_wconf 83' lang='lat' dir='ltr'><strong>alit,</strong></span> <span class='ocrx_word' id='word_1_116' title='bbox 374 2439 460 2523; x_wconf 91' lang='lat' dir='ltr'><strong>quod</strong></span> <span class='ocrx_word' id='word_1_117' title='bbox 480 2442 571 2504; x_wconf 88' lang='lat' dir='ltr'><strong>muta</strong></span> <span class='ocrx_word' id='word_1_118' title='bbox 588 2438 702 2503; x_wconf 92' lang='lat' dir='ltr'><strong>domus</strong></span> <span class='ocrx_word' id='word_1_119' title='bbox 723 2438 798 2503; x_wconf 88' lang='lat' dir='ltr'><strong>silet</strong></span> <span class='ocrx_word' id='word_1_120' title='bbox 817 2444 849 2503; x_wconf 89' lang='lat' dir='ltr'><strong>et</strong></span> <span class='ocrx_word' id='word_1_121' title='bbox 867 2443 959 2502; x_wconf 86' lang='lat' dir='ltr'><strong>torus</strong></span> <span class='ocrx_word' id='word_1_122' title='bbox 979 2439 1082 2523; x_wconf 82' lang='lat' dir='ltr'><strong>alget,</strong></span> <span class='ocrx_word' id='word_1_123' title='bbox 1107 2457 1139 2505; x_wconf 81' lang='lat'><strong>15</strong></span> 
     </span>
     <span class='ocr_line' id='line_1_20' title="bbox 169 2527 1042 2610; baseline -0.001 -19"><span class='ocrx_word' id='word_1_124' title='bbox 169 2527 264 2604; x_wconf 82' lang='lat' dir='ltr'><strong>Quod</strong></span> <span class='ocrx_word' id='word_1_125' title='bbox 288 2528 376 2592; x_wconf 86' lang='lat' dir='ltr'><strong>mala</strong></span> <span class='ocrx_word' id='word_1_126' title='bbox 398 2549 465 2592; x_wconf 90' lang='lat' dir='ltr'><strong>non</strong></span> <span class='ocrx_word' id='word_1_127' title='bbox 488 2527 651 2610; x_wconf 88' lang='lat' dir='ltr'><strong>cuiquam,</strong></span> <span class='ocrx_word' id='word_1_128' title='bbox 674 2548 740 2590; x_wconf 90' lang='lat' dir='ltr'><strong>non</strong></span> <span class='ocrx_word' id='word_1_129' title='bbox 764 2527 850 2591; x_wconf 84' lang='lat' dir='ltr'><strong>bona</strong></span> <span class='ocrx_word' id='word_1_130' title='bbox 872 2528 1042 2610; x_wconf 72' lang='lat' dir='ltr'><strong>participe</strong></span> 
     </span>
     <span class='ocr_line' id='line_1_21' title="bbox 121 2616 988 2698; baseline -0.001 -18"><span class='ocrx_word' id='word_1_131' title='bbox 121 2616 268 2698; x_wconf 85' lang='lat' dir='ltr'><strong>Maereo,</strong></span> <span class='ocrx_word' id='word_1_132' title='bbox 292 2616 320 2680; x_wconf 92' lang='lat' dir='ltr'><strong>si</strong></span> <span class='ocrx_word' id='word_1_133' title='bbox 344 2617 482 2682; x_wconf 84' lang='lat' dir='ltr'><strong>coniunx</strong></span> <span class='ocrx_word' id='word_1_134' title='bbox 506 2617 562 2680; x_wconf 89' lang='lat' dir='ltr'><strong>alii</strong></span> <span class='ocrx_word' id='word_1_135' title='bbox 586 2617 685 2696; x_wconf 80' lang='lat' dir='ltr'><strong>bona3</strong></span> <span class='ocrx_word' id='word_1_136' title='bbox 708 2635 837 2679; x_wconf 89' lang='lat' dir='ltr'><strong>maereo</strong></span> <span class='ocrx_word' id='word_1_137' title='bbox 861 2619 988 2697; x_wconf 85' lang='lat' dir='ltr'><strong>contra,</strong></span> 
     </span>
     <span class='ocr_line' id='line_1_22' title="bbox 168 2703 1024 2789; baseline 0.001 -21"><span class='ocrx_word' id='word_1_138' title='bbox 168 2703 203 2768; x_wconf 88' lang='lat' dir='ltr'><strong>Si</strong></span> <span class='ocrx_word' id='word_1_139' title='bbox 228 2704 327 2769; x_wconf 87' lang='lat' dir='ltr'><strong>mala:</strong></span> <span class='ocrx_word' id='word_1_140' title='bbox 354 2705 394 2768; x_wconf 88' lang='lat' dir='ltr'><strong>ad</strong></span> <span class='ocrx_word' id='word_1_141' title='bbox 419 2704 600 2788; x_wconf 82' lang='lat' dir='ltr'><strong>exemplum</strong></span> <span class='ocrx_word' id='word_1_142' title='bbox 624 2709 661 2767; x_wconf 88' lang='lat' dir='ltr'><strong>tu</strong></span> <span class='ocrx_word' id='word_1_143' title='bbox 685 2703 765 2766; x_wconf 92' lang='lat' dir='ltr'><strong>mihi</strong></span> <span class='ocrx_word' id='word_1_144' title='bbox 790 2725 916 2789; x_wconf 88' lang='lat' dir='ltr'><strong>semper</strong></span> <span class='ocrx_word' id='word_1_145' title='bbox 939 2704 1024 2769; x_wconf 88' lang='lat' dir='ltr'><strong>ades.</strong></span> 
     </span>
     <span class='ocr_line' id='line_1_23' title="bbox 121 2792 1140 2878; baseline 0 -20"><span class='ocrx_word' id='word_1_146' title='bbox 121 2794 171 2858; x_wconf 88' lang='lat' dir='ltr'><strong>Tu</strong></span> <span class='ocrx_word' id='word_1_147' title='bbox 190 2792 272 2857; x_wconf 92' lang='lat' dir='ltr'><strong>mihi</strong></span> <span class='ocrx_word' id='word_1_148' title='bbox 292 2815 370 2857; x_wconf 83' lang='lat' dir='ltr'><strong>crux</strong></span> <span class='ocrx_word' id='word_1_149' title='bbox 389 2794 431 2857; x_wconf 88' lang='lat' dir='ltr'><strong>ab</strong></span> <span class='ocrx_word' id='word_1_150' title='bbox 449 2797 588 2877; x_wconf 90' lang='lat' dir='ltr'><strong>utraque</strong></span> <span class='ocrx_word' id='word_1_151' title='bbox 606 2793 711 2857; x_wconf 90' lang='lat' dir='ltr'><strong>uenis:</strong></span> <span class='ocrx_word' id='word_1_152' title='bbox 732 2793 801 2857; x_wconf 91' lang='lat' dir='ltr'><strong>siue</strong></span> <span class='ocrx_word' id='word_1_153' title='bbox 820 2798 870 2858; x_wconf 92' lang='lat' dir='ltr'><strong>est</strong></span> <span class='ocrx_word' id='word_1_154' title='bbox 888 2793 984 2878; x_wconf 86' lang='lat' dir='ltr'><strong>mala,</strong></span> <span class='ocrx_word' id='word_1_155' title='bbox 1004 2794 1090 2878; x_wconf 90' lang='lat' dir='ltr'><strong>quod</strong></span> <span class='ocrx_word' id='word_1_156' title='bbox 1103 2796 1140 2858; x_wconf 90' lang='lat' dir='ltr'><strong>tu</strong></span> 
     </span>
     <span class='ocr_line' id='line_1_24' title="bbox 167 2881 1140 2967; baseline 0.002 -21"><span class='ocrx_word' id='word_1_157' title='bbox 167 2881 348 2947; x_wconf 88' lang='lat' dir='ltr'><strong>Dissimilis</strong></span> <span class='ocrx_word' id='word_1_158' title='bbox 370 2881 484 2967; x_wconf 81' lang='lat' dir='ltr'><strong>fueris3</strong></span> <span class='ocrx_word' id='word_1_159' title='bbox 508 2903 564 2946; x_wconf 88' lang='lat' dir='ltr'><strong>seu</strong></span> <span class='ocrx_word' id='word_1_160' title='bbox 587 2881 687 2960; x_wconf 85' lang='lat' dir='ltr'><strong>bona,</strong></span> <span class='ocrx_word' id='word_1_161' title='bbox 711 2881 797 2965; x_wconf 89' lang='lat' dir='ltr'><strong>quod</strong></span> <span class='ocrx_word' id='word_1_162' title='bbox 821 2882 948 2948; x_wconf 91' lang='lat' dir='ltr'><strong>similis.</strong></span> <span class='ocrx_word' id='word_1_163' title='bbox 1105 2899 1140 2949; x_wconf 81' lang='lat'><strong>20</strong></span> 
     </span>
    </p>
   </div>
   <div class='ocr_carea' id='block_1_5' title="bbox 121 3091 1140 3218">
    <p class='ocr_par' dir='ltr' id='par_1_5' title="bbox 121 3091 1140 3218">
     <span class='ocr_line' id='line_1_25' title="bbox 137 3091 1140 3216; baseline 0.004 -71"><span class='ocrx_word' id='word_1_164' title='bbox 137 3164 142 3175; x_wconf 37' lang='grc' dir='ltr'>Ι</span> <span class='ocrx_word' id='word_1_165' title='bbox 183 3097 316 3216; x_wconf 67' lang='lat' dir='ltr'><strong>t18Vuom</strong></span> <span class='ocrx_word' id='word_1_166' title='bbox 334 3093 385 3146; x_wconf 80' lang='lat' dir='ltr'><strong>del.</strong></span> <span class='ocrx_word' id='word_1_167' title='bbox 406 3092 530 3160; x_wconf 78' lang='lat' dir='ltr'><strong>Pciperl</strong></span> <span class='ocrx_word' id='word_1_168' title='bbox 556 3091 650 3159; x_wconf 88' lang='lat' dir='ltr'><strong>celeps</strong></span> <span class='ocrx_word' id='word_1_169' title='bbox 674 3091 701 3143; x_wconf 89' lang='lat' dir='ltr'><strong><em>V</em></strong></span> <span class='ocrx_word' id='word_1_170' title='bbox 719 3093 724 3159; x_wconf 88' lang='grc'><strong>1</strong></span> <span class='ocrx_word' id='word_1_171' title='bbox 747 3091 872 3146; x_wconf 88' lang='lat' dir='ltr'><strong>desinam</strong></span> <span class='ocrx_word' id='word_1_172' title='bbox 893 3097 922 3146; x_wconf 91' lang='lat' dir='ltr'><strong>et</strong></span> <span class='ocrx_word' id='word_1_173' title='bbox 941 3093 1075 3149; x_wconf 60' lang='lat' dir='ltr'><strong>Hancine</strong></span> <span class='ocrx_word' id='word_1_174' title='bbox 1094 3095 1140 3149; x_wconf 91' lang='lat' dir='ltr'><strong>de·</strong></span> 
     </span>
     <span class='ocr_line' id='line_1_26' title="bbox 121 3179 182 3218; baseline -0.016 0"><span class='ocrx_word' id='word_1_175' title='bbox 121 3179 182 3218; x_wconf 86' lang='lat' dir='ltr'><strong>ame</strong></span> 
     </span>
    </p>
   </div>
   <div class='ocr_carea' id='block_1_6' title="bbox 119 3250 1139 3748">
    <p class='ocr_par' dir='ltr' id='par_1_6' title="bbox 119 3250 1139 3748">
     <span class='ocr_line' id='line_1_27' title="bbox 193 3250 1138 3320; baseline 0.004 -15"><span class='ocrx_word' id='word_1_176' title='bbox 193 3250 275 3305; x_wconf 88' lang='lat' dir='ltr'>VIIII</span> <span class='ocrx_word' id='word_1_177' title='bbox 300 3250 451 3306; x_wconf 67' lang='lat' dir='ltr'><strong>acecinit:</strong></span> <span class='ocrx_word' id='word_1_178' title='bbox 469 3255 483 3305; x_wconf 86' lang='lat' dir='ltr'><strong>t</strong></span> <span class='ocrx_word' id='word_1_179' title='bbox 501 3267 535 3305; x_wconf 76' lang='lat' dir='ltr'><strong>eo</strong></span> <span class='ocrx_word' id='word_1_180' title='bbox 553 3265 571 3303; x_wconf 92' lang='lat' dir='ltr'><strong>a</strong></span> <span class='ocrx_word' id='word_1_181' title='bbox 589 3252 644 3307; x_wconf 75' lang='lat' dir='ltr'><strong>ol?</strong></span> <span class='ocrx_word' id='word_1_182' title='bbox 661 3251 686 3303; x_wconf 91' lang='lat' dir='ltr'><em>V</em></span> <span class='ocrx_word' id='word_1_183' title='bbox 738 3252 867 3320; x_wconf 84' lang='lat' dir='ltr'><strong>3adque</strong></span> <span class='ocrx_word' id='word_1_184' title='bbox 886 3255 981 3306; x_wconf 78' lang='lat' dir='ltr'><strong>cruces</strong></span> <span class='ocrx_word' id='word_1_185' title='bbox 1006 3253 1050 3320; x_wconf 77' lang='lat' dir='ltr'><strong>Vl</strong></span> <span class='ocrx_word' id='word_1_186' title='bbox 1073 3271 1138 3310; x_wconf 90' lang='lat' dir='ltr'><strong>con·</strong></span> 
     </span>
     <span class='ocr_line' id='line_1_28' title="bbox 120 3321 1139 3391; baseline -0.001 -12"><span class='ocrx_word' id='word_1_187' title='bbox 120 3323 272 3378; x_wconf 84' lang='lat' dir='ltr'><strong>trectauile</strong></span> <span class='ocrx_word' id='word_1_188' title='bbox 296 3322 340 3390; x_wconf 76' lang='lat' dir='ltr'><strong>Vl</strong></span> <span class='ocrx_word' id='word_1_189' title='bbox 356 3323 458 3376; x_wconf 87' lang='lat' dir='ltr'><strong>uulnus</strong></span> <span class='ocrx_word' id='word_1_190' title='bbox 476 3323 577 3391; x_wconf 84' lang='lat' dir='ltr'><strong>Peiper</strong></span> <span class='ocrx_word' id='word_1_191' title='bbox 594 3321 702 3376; x_wconf 83' lang='lat' dir='ltr'><strong>fulmen</strong></span> <span class='ocrx_word' id='word_1_192' title='bbox 726 3323 752 3374; x_wconf 90' lang='lat' dir='ltr'><em>V</em></span> <span class='ocrx_word' id='word_1_193' title='bbox 813 3322 965 3376; x_wconf 69' lang='lat' dir='ltr'><strong>lmiciV</strong></span> <span class='ocrx_word' id='word_1_194' title='bbox 1026 3327 1139 3381; x_wconf 72' lang='lat' dir='ltr'><strong>dolare</strong></span> 
     </span>
     <span class='ocr_line' id='line_1_29' title="bbox 120 3391 1139 3466; baseline 0.002 -17"><span class='ocrx_word' id='word_1_195' title='bbox 120 3395 255 3464; x_wconf 61' lang='lat' dir='ltr'><strong>upum</strong></span> <span class='ocrx_word' id='word_1_196' title='bbox 277 3395 322 3447; x_wconf 88' lang='lat' dir='ltr'><strong>cla</strong></span> <span class='ocrx_word' id='word_1_197' title='bbox 346 3394 371 3446; x_wconf 98' lang='lat' dir='ltr'><strong><em>V</em></strong></span> <span class='ocrx_word' id='word_1_198' title='bbox 441 3393 601 3448; x_wconf 68' lang='lat' dir='ltr'><strong>umoribus</strong></span> <span class='ocrx_word' id='word_1_199' title='bbox 621 3395 706 3462; x_wconf 83' lang='lat' dir='ltr'><strong>atque</strong></span> <span class='ocrx_word' id='word_1_200' title='bbox 727 3391 827 3461; x_wconf 83' lang='lat' dir='ltr'><strong>Peiper</strong></span> <span class='ocrx_word' id='word_1_201' title='bbox 854 3393 1035 3464; x_wconf 86' lang='lat' dir='ltr'><strong>motibusque</strong></span> <span class='ocrx_word' id='word_1_202' title='bbox 1058 3398 1139 3466; x_wconf 80' lang='lat' dir='ltr'><strong>(bin</strong></span> 
     </span>
     <span class='ocr_line' id='line_1_30' title="bbox 119 3463 1138 3534; baseline 0.001 -12"><span class='ocrx_word' id='word_1_203' title='bbox 119 3468 150 3522; x_wconf 83' lang='lat' dir='ltr'><strong>b·</strong></span> <span class='ocrx_word' id='word_1_204' title='bbox 170 3467 220 3534; x_wconf 84' lang='lat' dir='ltr'><strong>ol.)</strong></span> <span class='ocrx_word' id='word_1_205' title='bbox 240 3465 267 3519; x_wconf 91' lang='lat' dir='ltr'><strong><em>V</em></strong></span> <span class='ocrx_word' id='word_1_206' title='bbox 282 3463 405 3519; x_wconf 87' lang='lat' dir='ltr'><strong>moribus</strong></span> <span class='ocrx_word' id='word_1_207' title='bbox 425 3482 512 3534; x_wconf 87' lang='lat' dir='ltr'><strong>usquc</strong></span> <span class='ocrx_word' id='word_1_208' title='bbox 532 3466 661 3534; x_wconf 77' lang='lat' dir='ltr'><strong>Lupdun.</strong></span> <span class='ocrx_word' id='word_1_209' title='bbox 719 3470 734 3518; x_wconf 80' lang='lat' dir='ltr'><strong>&#39;l</strong></span> <span class='ocrx_word' id='word_1_210' title='bbox 753 3463 862 3519; x_wconf 87' lang='lat' dir='ltr'><strong>iubenis</strong></span> <span class='ocrx_word' id='word_1_211' title='bbox 880 3464 924 3530; x_wconf 84' lang='lat' dir='ltr'><strong>Vl</strong></span> <span class='ocrx_word' id='word_1_212' title='bbox 939 3465 1006 3520; x_wconf 86' lang='lat' dir='ltr'><strong>luxu</strong></span> <span class='ocrx_word' id='word_1_213' title='bbox 1026 3466 1052 3519; x_wconf 87' lang='lat' dir='ltr'><em>V</em></span> <span class='ocrx_word' id='word_1_214' title='bbox 1068 3484 1138 3523; x_wconf 84' lang='lat' dir='ltr'><strong>corr.</strong></span> 
     </span>
     <span class='ocr_line' id='line_1_31' title="bbox 125 3535 1136 3618; baseline 0 -26"><span class='ocrx_word' id='word_1_215' title='bbox 125 3538 243 3592; x_wconf 71' lang='lat' dir='ltr'><strong>Vindus</strong></span> <span class='ocrx_word' id='word_1_216' title='bbox 268 3539 273 3606; x_wconf 88' lang='grc' dir='ltr'>Ι</span> <span class='ocrx_word' id='word_1_217' title='bbox 297 3537 443 3608; x_wconf 72' lang='lat' dir='ltr'><strong>deceptus]</strong></span> <span class='ocrx_word' id='word_1_218' title='bbox 459 3540 488 3618; x_wconf 77' lang='lat' dir='ltr'><strong>(p</strong></span> <span class='ocrx_word' id='word_1_219' title='bbox 507 3552 583 3591; x_wconf 79' lang='lat' dir='ltr'><strong>eraeo</strong></span> <span class='ocrx_word' id='word_1_220' title='bbox 592 3538 615 3606; x_wconf 79' lang='grc'><strong>1)</strong></span> <span class='ocrx_word' id='word_1_221' title='bbox 639 3535 666 3589; x_wconf 93' lang='lat' dir='ltr'><strong><em>V</em></strong></span> <span class='ocrx_word' id='word_1_222' title='bbox 735 3537 872 3590; x_wconf 88' lang='lat' dir='ltr'><strong>8nobem</strong></span> <span class='ocrx_word' id='word_1_223' title='bbox 897 3536 945 3605; x_wconf 81' lang='lat' dir='ltr'><strong>Vl</strong></span> <span class='ocrx_word' id='word_1_224' title='bbox 971 3538 1064 3606; x_wconf 85' lang='lat' dir='ltr'><strong>celeps</strong></span> <span class='ocrx_word' id='word_1_225' title='bbox 1089 3539 1114 3591; x_wconf 93' lang='lat' dir='ltr'><strong><em>V</em></strong></span> <span class='ocrx_word' id='word_1_226' title='bbox 1133 3540 1136 3610; x_wconf 77' lang='lat' dir='ltr'><strong>l</strong></span> 
     </span>
     <span class='ocr_line' id='line_1_32' title="bbox 120 3606 1139 3679; baseline -0.001 -15"><span class='ocrx_word' id='word_1_227' title='bbox 120 3607 292 3679; x_wconf 80' lang='lat' dir='ltr'><strong>olimpiades</strong></span> <span class='ocrx_word' id='word_1_228' title='bbox 314 3607 342 3660; x_wconf 91' lang='lat' dir='ltr'><strong><em>V</em></strong></span> <span class='ocrx_word' id='word_1_229' title='bbox 394 3612 427 3661; x_wconf 91' lang='grc'><strong>10</strong></span> <span class='ocrx_word' id='word_1_230' title='bbox 445 3607 511 3662; x_wconf 77' lang='lat' dir='ltr'><strong>muci</strong></span> <span class='ocrx_word' id='word_1_231' title='bbox 532 3607 575 3675; x_wconf 82' lang='lat' dir='ltr'><strong>Vl</strong></span> <span class='ocrx_word' id='word_1_232' title='bbox 591 3623 666 3677; x_wconf 90' lang='lat' dir='ltr'><strong>pena</strong></span> <span class='ocrx_word' id='word_1_233' title='bbox 683 3606 710 3659; x_wconf 88' lang='lat' dir='ltr'><strong><em>V</em></strong></span> <span class='ocrx_word' id='word_1_234' title='bbox 723 3624 813 3677; x_wconf 82' lang='lat' dir='ltr'><strong>paene</strong></span> <span class='ocrx_word' id='word_1_235' title='bbox 833 3607 969 3662; x_wconf 76' lang='lat' dir='ltr'><strong>Heinsius</strong></span> <span class='ocrx_word' id='word_1_236' title='bbox 1025 3615 1057 3663; x_wconf 79' lang='lat'><strong>12</strong></span> <span class='ocrx_word' id='word_1_237' title='bbox 1075 3626 1139 3679; x_wconf 81' lang='lat' dir='ltr'><strong>gra·</strong></span> 
     </span>
     <span class='ocr_line' id='line_1_33' title="bbox 120 3678 1138 3748; baseline -0.001 -12"><span class='ocrx_word' id='word_1_238' title='bbox 120 3680 202 3736; x_wconf 83' lang='lat' dir='ltr'><strong>biota</strong></span> <span class='ocrx_word' id='word_1_239' title='bbox 226 3679 252 3732; x_wconf 94' lang='lat' dir='ltr'><strong><em>V</em></strong></span> <span class='ocrx_word' id='word_1_240' title='bbox 324 3685 357 3732; x_wconf 81' lang='lat'><strong>13</strong></span> <span class='ocrx_word' id='word_1_241' title='bbox 382 3695 466 3733; x_wconf 87' lang='lat' dir='ltr'><strong>canus</strong></span> <span class='ocrx_word' id='word_1_242' title='bbox 489 3678 516 3732; x_wconf 90' lang='lat' dir='ltr'><strong><em>V</em></strong></span> <span class='ocrx_word' id='word_1_243' title='bbox 535 3696 604 3734; x_wconf 86' lang='lat' dir='ltr'><strong>corr.</strong></span> <span class='ocrx_word' id='word_1_244' title='bbox 624 3679 754 3748; x_wconf 60' lang='lat' dir='ltr'><strong>Mydon.</strong></span> <span class='ocrx_word' id='word_1_245' title='bbox 829 3685 862 3734; x_wconf 77' lang='lat'><strong>15</strong></span> <span class='ocrx_word' id='word_1_246' title='bbox 885 3679 986 3734; x_wconf 86' lang='lat' dir='ltr'><strong>uolnus</strong></span> <span class='ocrx_word' id='word_1_247' title='bbox 1009 3678 1036 3732; x_wconf 91' lang='lat' dir='ltr'><strong><em>V</em></strong></span> <span class='ocrx_word' id='word_1_248' title='bbox 1106 3685 1138 3735; x_wconf 84' lang='lat' dir='ltr'><strong>l&#39;l</strong></span> 
     </span>
    </p>
   </div>
   <div class='ocr_carea' id='block_1_7' title="bbox 119 3763 1155 3986">
    <p class='ocr_par' dir='ltr' id='par_1_7' title="bbox 119 3763 1155 3986">
     <span class='ocr_line' id='line_1_34' title="bbox 120 3763 1143 3855; baseline -0.003 -13"><span class='ocrx_word' id='word_1_249' title='bbox 120 3763 215 3842; x_wconf 66' lang='lat' dir='ltr'><strong>merie</strong></span> <span class='ocrx_word' id='word_1_250' title='bbox 234 3789 318 3841; x_wconf 83' lang='lat' dir='ltr'><strong>cntra</strong></span> <span class='ocrx_word' id='word_1_251' title='bbox 335 3788 375 3852; x_wconf 86' lang='lat' dir='ltr'><strong>(re</strong></span> <span class='ocrx_word' id='word_1_252' title='bbox 394 3787 430 3840; x_wconf 79' lang='lat' dir='ltr'><strong>ol.</strong></span> <span class='ocrx_word' id='word_1_253' title='bbox 447 3787 479 3839; x_wconf 80' lang='lat' dir='ltr'><strong>in</strong></span> <span class='ocrx_word' id='word_1_254' title='bbox 496 3802 552 3840; x_wconf 85' lang='lat' dir='ltr'><strong>roe.</strong></span> <span class='ocrx_word' id='word_1_255' title='bbox 572 3787 657 3840; x_wconf 61' lang='lat' dir='ltr'><strong>amine</strong></span> <span class='ocrx_word' id='word_1_256' title='bbox 675 3804 689 3838; x_wconf 91' lang='lat' dir='ltr'><strong>r</strong></span> <span class='ocrx_word' id='word_1_257' title='bbox 708 3786 769 3849; x_wconf 76' lang='lat' dir='ltr'><strong>liu,</strong></span> <span class='ocrx_word' id='word_1_258' title='bbox 788 3787 917 3855; x_wconf 76' lang='lat' dir='ltr'><strong>oulen)</strong></span> <span class='ocrx_word' id='word_1_259' title='bbox 942 3785 968 3839; x_wconf 91' lang='lat' dir='ltr'><strong><em>V</em></strong></span> <span class='ocrx_word' id='word_1_260' title='bbox 1021 3791 1055 3840; x_wconf 85' lang='lat'><strong>18</strong></span> <span class='ocrx_word' id='word_1_261' title='bbox 1073 3785 1143 3841; x_wconf 87' lang='lat' dir='ltr'><strong>mici</strong></span> 
     </span>
     <span class='ocr_line' id='line_1_35' title="bbox 119 3855 1155 3986; baseline 0.007 -78"><span class='ocrx_word' id='word_1_262' title='bbox 119 3857 217 3986; x_wconf 48' lang='lat' dir='ltr'><strong>guum</strong></span> <span class='ocrx_word' id='word_1_263' title='bbox 226 3855 357 3982; x_wconf 51' lang='lat' dir='ltr'><strong>le‘prpnicpiv</strong></span> <span class='ocrx_word' id='word_1_264' title='bbox 377 3855 405 3911; x_wconf 89' lang='lat' dir='ltr'><strong><em>V</em></strong></span> <span class='ocrx_word' id='word_1_265' title='bbox 428 3858 434 3927; x_wconf 83' lang='grc' dir='ltr'>Ι</span> <span class='ocrx_word' id='word_1_266' title='bbox 463 3856 524 3912; x_wconf 85' lang='lat' dir='ltr'><strong>sibe</strong></span> <span class='ocrx_word' id='word_1_267' title='bbox 549 3857 575 3911; x_wconf 88' lang='lat' dir='ltr'><strong><em>V</em></strong></span> <span class='ocrx_word' id='word_1_268' title='bbox 643 3861 679 3912; x_wconf 86' lang='lat'><strong>20</strong></span> <span class='ocrx_word' id='word_1_269' title='bbox 698 3856 820 3929; x_wconf 79' lang='lat' dir='ltr'><strong>gaudia:</strong></span> <span class='ocrx_word' id='word_1_270' title='bbox 840 3876 890 3931; x_wconf 76' lang='lat' dir='ltr'><strong>pr.</strong></span> <span class='ocrx_word' id='word_1_271' title='bbox 913 3875 933 3914; x_wconf 81' lang='lat' dir='ltr'><strong>a</strong></span> <span class='ocrx_word' id='word_1_272' title='bbox 957 3876 991 3917; x_wconf 76' lang='lat' dir='ltr'><strong>en</strong></span> <span class='ocrx_word' id='word_1_273' title='bbox 1007 3859 1024 3916; x_wconf 95' lang='lat' dir='ltr'><strong>l</strong></span> <span class='ocrx_word' id='word_1_274' title='bbox 1041 3861 1155 3932; x_wconf 73' lang='lat' dir='ltr'><strong>incepto</strong></span> 
     </span>
    </p>
   </div>
   <div class='ocr_carea' id='block_1_8' title="bbox 960 4030 999 4089">
    <p class='ocr_par' dir='ltr' id='par_1_8' title="bbox 960 4030 999 4089">
     <span class='ocr_line' id='line_1_36' title="bbox 960 4030 999 4089; baseline 0 -23"><span class='ocrx_word' id='word_1_275' title='bbox 960 4030 999 4089; x_wconf 64' lang='lat'><strong>3*</strong></span> 
     </span>
    </p>
   </div>
   <div class='ocr_carea' id='block_1_9' title="bbox 0 0 1220 4274">
    <p class='ocr_par' dir='ltr' id='par_1_9' title="bbox 0 0 1220 4274">
     <span class='ocr_line' id='line_1_37' title="bbox 0 0 1220 4274; baseline 0 0"><span class='ocrx_word' id='word_1_276' title='bbox 0 0 1220 4274; x_wconf 95' lang='lat' dir='ltr'><strong> </strong></span> 
     </span>
    </p>
   </div>
  </div>
 </body>
</html>
