2430 4274
502 557 718 621 ..75-

100 699 188 760 certa
211 696 278 761 suis
303 697 419 762 studiis
443 698 557 763 adfixit
580 698 675 783 signe
696 697 805 762 futuri.

99 806 237 868 namque
261 789 295 850 et
317 786 389 851 ouis
413 785 530 871 cupido
554 787 580 850 si
604 787 753 870 gramine
775 785 911 850 tondeat
934 807 1002 868 ore,

98 874 280 938 insaturata
303 875 380 958 cibi,
405 874 579 960 decerpens
602 876 701 939 latius
725 894 835 958 agros,

95 965 212 1046 pastor
235 962 267 1026 id
290 962 444 1029 indicium
468 963 622 1048 pluuialis
645 963 776 1048 frigoris
800 964 881 1027 edet.

49 1067 79 1116 10
99 1055 131 1117 et
155 1052 183 1114 si
206 1052 390 1134 persultans
414 1053 497 1117 eries
522 1052 674 1116 lasciuius
697 1051 814 1116 herbas

98 1139 233 1222 adpetat
256 1147 313 1204 sut
335 1162 404 1206 sese
428 1142 605 1206 sustollant
627 1140 764 1204 saltibus
786 1141 883 1205 haedi

97 1228 150 1292 uel
175 1228 203 1292 si
226 1228 301 1314 iuge
325 1230 417 1316 gregi
440 1230 573 1314 eupiunt
594 1229 726 1294 haerere
744 1251 804 1294 nec
826 1251 964 1314 usquam

97 1317 257 1381 matribus
281 1318 458 1383 abscedant
481 1322 514 1383 et
536 1319 565 1383 si
589 1319 658 1382 sine
680 1319 745 1382 fine
769 1319 929 1403 modoque

96 1405 217 1489 pabula
241 1406 398 1491 delibant,
422 1428 494 1472 cum
518 1411 606 1471 tutas
629 1428 745 1490 uesper
768 1407 855 1472 edire

49 1509 78 1559 15
98 1493 261 1577 conpellet
283 1496 406 1578 caulas,
429 1495 657 1561 monstrabunt
681 1496 790 1560 adfore
814 1496 951 1561 nimbos.

141 1580 254 1648 Bubus
278 1587 388 1648 arator
410 1585 490 1648 item
513 1584 617 1648 trahit
639 1585 730 1647 atrae
753 1585 849 1669 signa
872 1586 1046 1669 procellae,

96 1671 238 1749 lambere
262 1673 289 1736 si
312 1673 426 1756 lingua
448 1673 554 1757 prime
576 1671 637 1736 hos
660 1672 802 1758 uestigia
823 1673 908 1737 forte

96 1758 215 1825 uiderit
238 1765 295 1825 aut
317 1760 466 1825 dextrum
489 1766 693 1846 prosternere
717 1780 833 1843 corpus
856 1762 891 1824 in
917 1782 1057 1844 armum,

96 1848 148 1912 uel
172 1849 199 1911 si
222 1849 358 1932 prolixis
383 1871 478 1913 curas
504 1849 681 1934 mugitibus
703 1849 843 1933 inplent,

49 1952 217 2019 tepescas
239 1937 423 2022 linquentes
446 1939 501 2003 uix
523 1959 666 2022 uespere.
711 1937 768 2001 dat
791 1959 889 2021 capre
911 1938 993 2003 moti
1126 1957 1166 1996 sas

97 2046 224 2089 rursum
249 2027 343 2111 signa
365 2027 446 2109 poli,
468 2047 541 2091 cum
565 2025 668 2110 spinis
690 2026 774 2091 ilicis
798 2031 887 2091 atrae

97 2113 201 2178 multa
224 2115 338 2178 inhiat.
383 2115 478 2180 docet
499 2115 579 2180 haec
603 2115 715 2180 eadem
738 2137 793 2179 sus
816 2114 950 2180 horrido
972 2137 1087 2200 coeno,

97 2203 237 2286 gurgitis
260 2204 382 2268 inluuie
406 2205 433 2267 si
457 2204 584 2288 saepius
608 2204 802 2269 innoluatur.

142 2291 281 2356 Martius
304 2293 373 2375 ipse
397 2292 493 2375 lupus
516 2292 669 2357 uillarum
692 2293 841 2376 proxima
864 2293 1018 2358 oberrans

49 2396 77 2445 55
97 2377 326 2464 adfectensque
349 2380 437 2446 locos
460 2381 629 2445 hominum
652 2381 835 2466 lectumque
858 2381 1022 2465 laremque
1126 2399 1166 2440 seo

97 2474 212 2552 sponte
235 2474 350 2552 petens
373 2489 483 2533 crasso
507 2490 699 2554 consurgere
723 2469 838 2534 nubila
860 2469 950 2534 caelo

95 2562 292 2640 praemonet.
337 2557 370 2620 id
393 2558 487 2641 perui
511 2579 584 2621 cum
607 2557 749 2622 stridunt
771 2557 909 2642 denique
932 2579 1053 2642 mures,

96 2666 169 2708 cum
193 2647 312 2730 gestire
336 2645 419 2729 solo,
442 2668 515 2710 cum
537 2645 647 2710 ludere
669 2646 756 2711 forte
778 2646 941 2728 uidentur,

95 2733 296 2817 portendunt
318 2733 461 2816 tibimet3
483 2735 573 2799 canis
597 2734 629 2798 id
653 2734 865 2818 praesentiat,
888 2735 976 2799 ultro

49 2840 77 2889 30
96 2821 245 2886 tellurem
268 2822 404 2888 fodiens.
450 2826 561 2887 temen
584 2822 677 2907 haec,
700 2827 809 2888 tamen
834 2824 943 2887 omniu
965 2844 1073 2887 rerum
1125 2841 1165 2881 css

96 2909 207 2975 adfore
230 2911 282 2975 uel
305 2912 410 2996 primo
433 2912 562 2977 nimbos
586 2933 660 2978 mox
684 2913 753 2976 sole
776 2911 951 2994 docebunt,

168 3179 237 3228 1836
256 3177 333 3229 certa
351 3176 408 3230 suis
426 3194 440 3231 1
458 3179 547 3231 certas
566 3176 610 3231 uis
628 3176 655 3228 A
707 3181 775 3230 1887
794 3176 856 3231 ouis
875 3193 888 3230 e
906 3175 949 3230 uie
967 3176 995 3229 A
1042 3180 1111 3231 1888

94 3245 251 3300 insaturata
274 3245 331 3301 cibi
355 3263 368 3301 e
390 3246 497 3301 innatus
520 3246 639 3300 ataeibis
658 3247 686 3299 A
759 3252 828 3301 1839
852 3247 880 3300 id
900 3263 916 3300 1
935 3248 965 3301 ct
983 3248 1009 3299 A
1028 3262 1112 3302 ome

97 3323 163 3371 1841
189 3317 307 3385 adpetet
328 3317 442 3372 Grotius
465 3317 576 3387 appetit
592 3318 621 3370 A
707 3322 776 3371 1813
800 3316 954 3372 abscedant
975 3333 992 3371 o
1015 3333 1111 3371 escen·

96 3386 165 3442 dant
181 3388 209 3440 A
228 3389 431 3444 abscondente
511 3393 580 3443 1844
599 3404 698 3458 uesper
717 3387 794 3443 adire
813 3405 829 3442 c
848 3403 965 3458 uespera
981 3387 1041 3442 dire
1060 3391 1112 3444 Ae

97 3465 167 3514 1845
186 3459 330 3528 conpellat
348 3458 529 3529 (Compellat)
544 3477 557 3514 e
572 3458 729 3528 compellas
742 3461 770 3513 A
784 3461 795 3528 ΙΙ
807 3458 917 3514 nimbos
936 3477 950 3514 e
968 3458 1041 3514 enim
1060 3459 1111 3514 bos

94 3531 122 3583 A
212 3535 278 3584 1841
303 3531 401 3600 lingua
423 3549 440 3586 c
462 3531 589 3602 linguam
611 3532 662 3585 Ae
744 3535 812 3586 1848
836 3535 887 3585 aut
909 3549 923 3586 c
944 3529 981 3585 ad
1004 3532 1059 3601 All
1081 3531 1111 3584 in

96 3616 204 3654 armum
219 3618 233 3655 e
250 3601 297 3656 ina
314 3601 454 3671 pinumA
511 3608 578 3658 1851
599 3601 716 3672 spinisc
734 3601 851 3671 pinisA
869 3601 990 3671 pinnisc
1042 3607 1110 3656 1852

96 3687 182 3726 caeno
205 3688 218 3727 c
242 3688 311 3728 cena
333 3674 361 3726 A
453 3679 522 3728 1854
543 3675 626 3744 lupus
644 3689 658 3728 c
675 3673 752 3727 lusus
771 3674 799 3726 A
891 3679 958 3729 1856
977 3674 1110 3741 petenen

95 3745 196 3810 potens
214 3744 265 3797 Ae
320 3750 389 3799 1859
408 3745 437 3799 id
456 3745 629 3815 praesentiat
642 3745 829 3811 ultrcsos'pel
843 3745 877 3810 ef.
893 3744 1006 3798 Hermes
1022 3743 1113 3798 XIII

91 3829 122 3881 p.
142 3816 198 3869 362
217 3832 245 3871 n.
264 3819 300 3871 45
319 3815 360 3870 idi
378 3815 469 3871 tentia
487 3817 592 3872 adultis
610 3817 638 3871 A
657 3815 687 3870 id
704 3813 862 3884 praesentio
881 3815 955 3870 ultro
974 3832 988 3871 e
