2430 4274
304 31 1134 293 E.-

407 554 446 563 -
493 535 666 583 Lxxxxlm
710 552 755 564 -·

159 682 274 742 Theoni
297 683 381 742 misit
403 688 466 757 (Ep.
490 686 541 741 XV
564 688 666 757 praet:
694 687 811 742 inuenta
833 685 957 757 epistula
978 688 1086 756 uetere,

159 781 244 832 quarn
268 763 301 817 de
322 764 421 818 ostreis
446 766 475 818 et
497 763 631 818 musculis
655 763 799 819 adfectata
822 761 994 819 obscuritate
1022 778 1086 818 con·

157 833 394 972 {lgrtlreffldoquae
423 835 585 890 adulescens
612 837 718 889 temere
741 834 881 903 fuderam,
909 833 968 887 iam
992 833 1085 889 senior

70 996 134 1063 338
158 996 377 1079 Hieronymus
406 996 447 1060 ad
475 1018 503 1061 a.
532 997 634 1062 2352:
667 996 784 1062 Pater
815 995 928 1060 rhetor
960 994 1085 1061 Romae

158 1085 390 1223 gloriosissime
427 1085 521 1150 docet
559 1094 604 1160 (cf.
633 1094 709 1150 Prof.
733 1101 750 1148 4
774 1096 804 1148 et
826 1100 850 1150 ὁ.
901 1093 1016 1149 Hieron.
1048 1094 1086 1148 ad

188 1170 318 1239 edybiam
333 1187 376 1239 ep.
392 1176 455 1224 150:
471 1171 592 1226 maiores
605 1171 647 1226 tui
662 1170 790 1225 Paterius
806 1173 893 1239 atque
905 1168 1084 1240 Delphidius,

158 1259 277 1311 quorum
296 1241 368 1295 alter
387 1244 539 1309 antequam
558 1259 573 1296 e
594 1258 611 1298 o
629 1257 766 1307 nascerer,
788 1240 957 1296 rhetoricam
977 1240 1085 1297 Rornae

158 1312 268 1378 docuit,
293 1312 364 1366 alter
382 1328 427 1366 me
446 1313 504 1366 iam
523 1260 736 1367 adsiescentulo
756 1329 853 1367 omnes
872 1310 981 1366 Gallias
1001 1328 1086 1382 prosa

158 1398 296 1450 uersuque
316 1399 366 1437 suo
385 1383 549 1438 inlustrauit
565 1384 698 1454 ingenio).

68 1483 137 1540 ante
156 1498 183 1539 a.
204 1482 266 1539 343
291 1480 555 1556 epigrammata
578 1480 621 1539 ad
644 1479 814 1540 Sabinam
839 1483 890 1556 39,
914 1472 1016 1561 40(.),
1042 1477 1102 1541 53

159 1570 244 1628 -55
269 1563 434 1645 atquibus
459 1568 568 1628 Laidss
592 1574 623 1628 et
641 1567 784 1646 Glycerae
803 1568 969 1629 celebrauit
993 1564 1033 1648 (e.
1056 1589 1083 1647 g.

158 1659 199 1718 38
225 1660 256 1717 et
280 1659 320 1717 65
345 1657 381 1717 de
405 1650 522 1737 Laide).

68 1780 94 1823 c.
114 1781 143 1824 a.
162 1757 226 1823 343
247 1780 295 1823 ex.
322 1758 404 1823 obiit
433 1757 576 1823 Sabina
604 1758 845 1843 duodetriginta
872 1779 976 1824 annos
1005 1762 1084 1824 nata

158 1843 229 1912 (Par.
240 1850 265 1910 3,
275 1850 322 1899 25:
337 1862 408 1913 quae
418 1845 502 1900 modo
513 1846 644 1914 septenos
653 1845 754 1912 quater
764 1843 907 1914 inpletura
916 1843 1084 1899 Decembres

157 1914 267 1983 liquisti
284 1920 374 1983 natos,
393 1915 512 1985 pignera
529 1919 635 1983 nostre,
655 1914 733 1971 duos.
767 1921 793 1985 9,
810 1921 838 1971 8:
856 1931 963 1985 perque
982 1931 1083 1970 nouem

160 1986 270 2040 caelebs
289 1990 317 2039 te
337 1986 390 2040 fleo
409 1985 604 2056 olympiadas).

156 2075 374 2160 Exuperius
403 2077 514 2141 rhetor
536 2077 695 2143 Narbone
724 2077 819 2142 docet
840 2076 1000 2143 Dalmatii
1029 2087 1083 2151 (ob.

157 2191 182 2227 a.
197 2181 258 2242 ³51,
273 2175 308 2229 cf.
323 2174 437 2245 Eutrop.
453 2175 478 2228 X
492 2176 520 2240 3)
539 2166 625 2230 filios
641 2174 727 2240 (Prot.
745 2181 786 2243 17,
801 2182 817 2231 9
832 2193 892 2244 sqq.
906 2177 969 2229 turn
983 2191 1083 2245 pueros

157 2252 263 2304 metam
285 2269 373 2392 pr)ope
395 2252 510 2320 puberis
534 2252 609 2320 aeui,
633 2251 800 2307 Caesareum
822 2251 872 2320 qui
891 2266 956 2305 mox
974 2251 1084 2321 indepti

157 2338 259 2376 nornen
279 2354 332 2376 -.

69 2394 133 2460 353
163 2396 308 2498 nascitur
344 2395 507 2461 Pontius
545 2396 750 2475 Paulinus,
791 2398 906 2481 postea
942 2392 1083 2461 Ausonii

67 2572 133 2639 355
156 2484 1082 2658 lilith.....23⁶9.M........B....,.1....

156 2664 268 2729 rhetor
291 2664 414 2728 Romae
438 2663 665 2728 florentissime
690 2661 782 2726 docet
805 2669 851 2735 (cf.
869 2669 945 2724 Prot.
966 2669 1000 2736 1).
1128 2694 1134 2715 ·

66 2789 92 2832 c.
116 2767 180 2832 357
219 2768 408 2833 Arborius
446 2773 612 2833 maternus
649 2789 729 2832 auus
765 2766 906 2831 Ausonii
943 2765 1082 2832 moritur

154 2857 406 2941 nonagenarius,
431 2860 603 2940 postquam
622 2879 680 2941 per
698 2857 784 2921 trina
803 2856 959 2920 decennia
977 2855 1082 2920 filium

157 2943 287 3007 defleuit
310 2953 383 3017 (Par.
404 2954 439 3018 4).

65 3031 129 3097 357
154 3030 375 3116 Hieronymus
391 3033 432 3096 ad
447 3055 474 3098 a.
486 3032 588 3098 2371:
608 3033 781 3098 Alcimus
797 3037 829 3096 et
842 3031 1081 3116 Delphidius

155 3121 302 3185 rhetores
321 3122 357 3185 in
373 3120 550 3206 Aquitania
568 3123 797 3188 florentissime
812 3121 929 3186 docent
943 3129 990 3196 (ef.
1005 3129 1080 3186 Prot

156 3208 221 3261 tet
239 3212 262 3261 ὁ.
302 3205 395 3263 Sidon.
420 3223 463 3277 ep.
486 3208 508 3261 V
531 3213 572 3261 10.
597 3207 725 3264 V11111.
762 3206 876 3262 Hieron.
899 3224 943 3276 ep.
969 3212 1021 3262 130
1045 3205 1081 3260 ad

154 3278 314 3347 Hedybiam
338 3278 407 3350 [uid.
428 3296 511 3347 supra
531 3280 567 3332 ad
586 3296 611 3333 a.
631 3279 704 3350 3381.
738 3277 878 3334 ammian.
897 3276 991 3332 XVIII
1012 3285 1036 3344 1,
1055 3283 1079 3331 4.

156 3347 213 3402 uid.
232 3349 305 3403 infra
324 3351 360 3403 ad
380 3366 404 3403 a.
424 3356 476 3405 333
496 3352 526 3404 et
545 3354 616 3419 383).

65 3439 129 3505 359
153 3439 365 3505 Gratianus
384 3450 507 3515 (nomine
527 3468 611 3506 auum
624 3450 761 3505 referens:
781 3448 869 3506 Cento
884 3456 909 3504 9.
938 3449 1080 3505 Ammian.

153 3538 230 3591 XXX
250 3545 274 3607 7,
294 3545 318 3593 a.
343 3539 466 3609 Epitom.
485 3546 529 3608 so,
545 3539 571 3606 a)
594 3530 741 3595 nascitur
764 3526 874 3593 Sirmii
899 3536 1024 3602 (Hieron.
1044 3537 1082 3592 ad

96 3646 99 3651 ·
152 3634 231 3683 saro.
265 3627 387 3698 epitom.
407 3627 461 3693 rr).

63 3705 129 3772 363
153 3705 332 3771 Iulianus
347 3707 524 3791 imperator
535 3706 658 3772 IHIFl.
669 3705 844 3771 Sallustius
856 3727 953 3791 coss.;
969 3727 1082 3772 eorum

152 3796 357 3949 (οὲηὲυζαῐξῢ
381 3795 528 3860 Alcimus
555 3795 668 3862 rhetor
695 3796 788 3860 libris
812 3795 878 3860 suis
902 3794 1083 3860 celebrauit

187 3897 239 3937 ro.
279 3923 285 3949 ,
353 3924 358 3935 .
