2430 4274
509 508 752 574 ..104-

69 719 141 760 xxm
156 721 206 770 [aas
218 720 362 769 nunna]
390 699 439 754 DE
458 697 690 756 AVCTORIBVS
707 698 875 755 AGONVM.

122 826 253 892 Primus
277 828 488 913 Olympiacae
511 826 653 893 sacrauit
675 825 762 891 festa
784 847 923 893 coronae

122 915 269 1000 Iuppiter
291 917 408 1002 Argiui
432 915 539 981 stadia
562 915 602 980 ad
626 915 820 1000 longissime
843 915 928 982 circi.

121 1003 294 1071 Proximus
318 1004 449 1071 Alcides
472 1003 633 1069 Nemeum
656 1005 798 1070 sacrauit
820 1003 987 1071 honorem.

122 1091 213 1158 Haec
237 1115 363 1178 quoque
385 1093 586 1177 temporibus
609 1093 830 1177 quinquennia
852 1114 944 1159 sacra
967 1092 1128 1160 notandis.

122 1180 263 1247 Isthmia
284 1181 438 1268 Neptuno
462 1182 539 1247 data
561 1187 638 1246 sunt
661 1185 694 1246 et
716 1180 838 1266 Pythia
861 1181 994 1248 Phoebo
1119 1197 1136 1248 e

123 1270 267 1355 Ancipiti
290 1269 380 1336 cultu
403 1271 552 1336 diuorum
574 1269 807 1355 hominumque
831 1271 978 1356 sepultis.

68 1497 218 1601 Ῑξιῗιῐχῑξῗθ
247 1495 347 1561 QVOD
366 1495 459 1550 IDEM
478 1495 541 1563 QVI
559 1495 667 1552 SACRI
684 1495 830 1552 AGONES
850 1495 949 1554 SVNT
967 1496 1015 1552 ET

356 1566 548 1622 FVNEBRES
567 1566 656 1622 LVDI
674 1566 909 1623 HABEANTVR

24 1678 29 1687 ⁴
124 1693 318 1761 Tantalidae
340 1694 454 1779 Pelopi
476 1699 637 1760 maestum
661 1694 748 1760 dicat
769 1693 841 1760 Elis
863 1694 1032 1761 honorem.

124 1783 317 1849 Archemori
339 1782 503 1849 Nemeaea
526 1783 637 1849 colunt
658 1783 878 1868 quinquennia
899 1781 1041 1852 Thebae.

122 1870 262 1937 Isthmia
285 1873 436 1939 defuncto
461 1874 623 1938 celebrata
645 1871 841 1938 Palaemone
864 1875 987 1938 notum.

122 1958 243 2043 Pythia
265 1961 425 2044 placando
448 1959 570 2046 Delphi
594 1964 737 2026 statuere
761 1961 901 2027 draconi.

71 2203 170 2245 xxnn
185 2205 234 2255 [eae
247 2205 296 2246 nu.
310 2207 355 2254 xv]
438 2185 487 2240 DE
505 2185 624 2242 FERIIS
642 2186 818 2245 ROMANIS.

124 2311 220 2378 Nunc
243 2318 277 2377 et
299 2313 491 2397 Apollineos
514 2313 669 2379 'liberine
691 2336 749 2398 per
771 2315 858 2379 ostie
880 2314 973 2380 ludos

168 2400 213 2467 Et
236 2401 472 2488 Megalesiacae
495 2403 610 2468 matris
634 2407 747 2487 operta
769 2405 885 2487 loquar

123 2487 328 2576 Vulcanique
352 2491 435 2576 dies,
458 2493 607 2557 autumni
629 2491 761 2556 exordia
781 2491 894 2576 primi,

169 2578 453 2667 Quinquatrusque
476 2581 553 2646 deae
576 2580 729 2646 Pallados
753 2579 922 2663 expediam

124 2667 170 2734 Et
193 2669 316 2735 medias
339 2669 410 2734 idus
434 2669 501 2735 Mai
524 2669 730 2756 Augustique
752 2689 898 2751 recursu,
1122 2685 1139 2733 5

170 2756 259 2833 Quas
283 2759 347 2823 sibi
369 2755 548 2824 Mercurius
573 2779 716 2844 quasque
738 2756 846 2822 Diana
869 2756 969 2842 dicat3

124 2843 293 2910 Matronae
317 2867 399 2928 quae
423 2867 516 2911 sacra
538 2845 649 2911 colant
671 2867 730 2930 pro
753 2845 849 2911 leude
872 2846 1031 2927 uirorum,

169 2933 327 2997 Mauortis
349 2933 447 3017 primi
470 2955 543 2998 cum
566 2935 693 3000 rediere
714 2934 792 3000 dies.

125 3019 223 3086 Festa
246 3019 432 3103 Caprotinis
455 3024 640 3088 memorabo
665 3023 805 3089 celebria
827 3022 937 3106 nonis,

170 3107 252 3174 Cum
275 3108 362 3174 stola
384 3112 543 3175 matronis
567 3112 700 3196 dempta
721 3114 813 3198 teget
835 3110 984 3176 famulae.
1106 3127 1141 3176 ιο

77 3286 108 3340 V
198 3282 275 3339 XXII
295 3290 311 3339 8
330 3284 467 3339 Nemeum
481 3284 579 3353 Pes'per
600 3302 765 3342 nemeaeum
782 3283 810 3339 V
827 3286 951 3341 Nemeae
970 3284 1103 3356 Lschm

124 3352 333 3423 Aquinquenia
354 3354 382 3410 V
440 3354 603 3411 eisthimie
627 3357 670 3422 Vl
687 3355 780 3427 pithia
797 3357 907 3426 phaebo
930 3355 957 3409 V
1011 3373 1059 3412 uu.
1078 3361 1096 3409 4
1114 3361 1142 3412 et

127 3433 142 3478 e
164 3428 295 3482 carminis
313 3428 385 3496 quod
402 3429 525 3497 sequitur
543 3429 656 3482 initium
674 3443 729 3483 ecee
745 3430 905 3496 suspicatur
923 3426 1040 3482 Schenkl

76 3553 107 3607 ν
197 3549 289 3603 xxm
316 3569 436 3605 messa
460 3550 511 3620 Vl
535 3526 644 3622 ahsa
663 3553 707 3620 (a
726 3568 816 3621 paee
833 3554 1017 3620 mamm)
1041 3550 1068 3604 V

127 3647 141 3693 1
164 3624 402 3695 dicaehelisonord
425 3638 452 3691 V
469 3655 538 3694 corr.
558 3639 680 3710 Scatiper
697 3643 759 3706 2,3
805 3703 809 3709 ,
831 3645 847 3693 2
866 3639 1004 3695 aroemori
1027 3640 1072 3706 Vl
1093 3658 1142 3697 ne·

124 3726 203 3765 meae
227 3710 254 3763 V
271 3725 339 3764 corr.
359 3710 494 3765 Heinsius
561 3708 722 3766 3isthimia
744 3710 771 3764 V
834 3709 942 3781 epitia
964 3710 1010 3781 Vl
1025 3710 1093 3766 delfi
1117 3712 1146 3767 V

79 3801 108 3854 V
199 3797 303 3854 XXIIII
321 3817 396 3853 rems
420 3799 447 3853 V
516 3796 618 3852 bmali
642 3798 669 3853 V
684 3813 753 3854 corr.
772 3798 903 3868 Mydon.
924 3801 929 3869 Ι
954 3798 1049 3871 agneti
1072 3800 1099 3855 V

125 3878 141 3926 9
161 3867 311 3940 caprotin¹s
334 3869 362 3925 V
384 3875 389 3939 Ι
412 3885 573 3925 memorauo
599 3869 624 3924 V
695 3875 728 3924 10
747 3869 843 3925 demta
864 3869 893 3926 V
