<?xml version="1.0" encoding="UTF-8"?>
<!DOCTYPE html PUBLIC "-//W3C//DTD XHTML 1.0 Transitional//EN"
    "http://www.w3.org/TR/xhtml1/DTD/xhtml1-transitional.dtd">
<html xmlns="http://www.w3.org/1999/xhtml" xml:lang="en" lang="en">
 <head>
  <title>
</title>
<meta http-equiv="Content-Type" content="text/html;charset=utf-8" />
  <meta name='ocr-system' content='tesseract 3.04.00' />
  <meta name='ocr-capabilities' content='ocr_page ocr_carea ocr_par ocr_line ocrx_word'/>
</head>
<body>
  <div class='ocr_page' id='page_1' title='image "./decimimagniavso00ausogoog_0486.png"; bbox 0 0 2430 4274; ppageno 0'>
   <div class='ocr_carea' id='block_1_1' title="bbox 537 1267 608 1334">
    <p class='ocr_par' dir='ltr' id='par_1_1' title="bbox 537 1267 608 1334">
     <span class='ocr_line' id='line_1_1' title="bbox 537 1267 608 1334; baseline 0.028 -2"><span class='ocrx_word' id='word_1_1' title='bbox 537 1267 608 1334; x_wconf 88' lang='lat' dir='ltr'><strong>XX.</strong></span> 
     </span>
    </p>
   </div>
   <div class='ocr_carea' id='block_1_2' title="bbox 10 1424 956 1642">
    <p class='ocr_par' dir='ltr' id='par_1_2' title="bbox 10 1424 956 1642">
     <span class='ocr_line' id='line_1_2' title="bbox 10 1424 956 1521; baseline 0.012 -35"><span class='ocrx_word' id='word_1_2' title='bbox 10 1445 69 1496; x_wconf 60' lang='lat' dir='ltr'><strong>aa]</strong></span> <span class='ocrx_word' id='word_1_3' title='bbox 187 1424 369 1492; x_wconf 80' lang='lat' dir='ltr'>AVSONII</span> <span class='ocrx_word' id='word_1_4' title='bbox 391 1424 745 1521; x_wconf 60' lang='lat' dir='ltr'>BVRDIGALENSIS</span> <span class='ocrx_word' id='word_1_5' title='bbox 767 1429 956 1498; x_wconf 74' lang='lat' dir='ltr'>VASATIS</span> 
     </span>
     <span class='ocr_line' id='line_1_3' title="bbox 395 1583 746 1642; baseline 0.006 -2"><span class='ocrx_word' id='word_1_6' title='bbox 395 1583 617 1640; x_wconf 73' lang='lat' dir='ltr'><strong>osauuuvu</strong></span> <span class='ocrx_word' id='word_1_7' title='bbox 635 1585 746 1642; x_wconf 71' lang='lat' dir='ltr'><strong>Aeolo</strong></span> 
     </span>
    </p>
   </div>
   <div class='ocr_carea' id='block_1_3' title="bbox 93 1714 1048 1973">
    <p class='ocr_par' dir='ltr' id='par_1_3' title="bbox 93 1714 1048 1973">
     <span class='ocr_line' id='line_1_4' title="bbox 93 1714 1048 1809; baseline 0.005 -5"><span class='ocrx_word' id='word_1_8' title='bbox 93 1731 169 1805; x_wconf 73' lang='lat' dir='ltr'><strong>ao</strong></span> <span class='ocrx_word' id='word_1_9' title='bbox 208 1730 569 1805; x_wconf 74' lang='lat' dir='ltr'><strong>osuulauvu</strong></span> <span class='ocrx_word' id='word_1_10' title='bbox 605 1714 1048 1809; x_wconf 76' lang='lat' dir='ltr'>IMPERATOREM</span> 
     </span>
     <span class='ocr_line' id='line_1_5' title="bbox 393 1909 745 1973; baseline 0.003 -4"><span class='ocrx_word' id='word_1_11' title='bbox 393 1909 472 1973; x_wconf 82' lang='lat' dir='ltr'><strong>PRO</strong></span> <span class='ocrx_word' id='word_1_12' title='bbox 496 1909 745 1970; x_wconf 79' lang='lat' dir='ltr'>OONSVLATV.</span> 
     </span>
    </p>
   </div>
   <div class='ocr_carea' id='block_1_4' title="bbox 23 2118 1119 3356">
    <p class='ocr_par' dir='ltr' id='par_1_4' title="bbox 24 2118 1107 2559">
     <span class='ocr_line' id='line_1_6' title="bbox 24 2118 1080 2207; baseline 0.004 -23"><span class='ocrx_word' id='word_1_13' title='bbox 24 2139 38 2184; x_wconf 88' lang='lat'>1</span> <span class='ocrx_word' id='word_1_14' title='bbox 131 2119 156 2184; x_wconf 92' lang='lat'><strong>1.</strong></span> <span class='ocrx_word' id='word_1_15' title='bbox 181 2118 254 2204; x_wconf 82' lang='lat' dir='ltr'><strong>Ago</strong></span> <span class='ocrx_word' id='word_1_16' title='bbox 273 2119 334 2185; x_wconf 92' lang='lat' dir='ltr'><strong>tibi</strong></span> <span class='ocrx_word' id='word_1_17' title='bbox 353 2119 492 2203; x_wconf 76' lang='lat' dir='ltr'><strong>gratias,</strong></span> <span class='ocrx_word' id='word_1_18' title='bbox 514 2118 694 2202; x_wconf 87' lang='lat' dir='ltr'><strong>imperator</strong></span> <span class='ocrx_word' id='word_1_19' title='bbox 710 2120 872 2206; x_wconf 78' lang='lat' dir='ltr'><strong>August03</strong></span> <span class='ocrx_word' id='word_1_20' title='bbox 894 2122 923 2188; x_wconf 90' lang='lat' dir='ltr'><strong>si</strong></span> <span class='ocrx_word' id='word_1_21' title='bbox 941 2143 1080 2207; x_wconf 86' lang='lat' dir='ltr'><strong>possem,</strong></span> 
     </span>
     <span class='ocr_line' id='line_1_7' title="bbox 63 2207 1081 2291; baseline 0.003 -18"><span class='ocrx_word' id='word_1_22' title='bbox 63 2209 163 2274; x_wconf 88' lang='lat' dir='ltr'><strong>etiam</strong></span> <span class='ocrx_word' id='word_1_23' title='bbox 192 2207 353 2272; x_wconf 82' lang='lat' dir='ltr'><strong>referrem.</strong></span> <span class='ocrx_word' id='word_1_24' title='bbox 396 2207 453 2272; x_wconf 89' lang='lat' dir='ltr'><strong>sed</strong></span> <span class='ocrx_word' id='word_1_25' title='bbox 476 2229 579 2291; x_wconf 89' lang='lat' dir='ltr'>neque</span> <span class='ocrx_word' id='word_1_26' title='bbox 606 2211 664 2273; x_wconf 84' lang='lat' dir='ltr'><strong>tua</strong></span> <span class='ocrx_word' id='word_1_27' title='bbox 690 2207 824 2274; x_wconf 86' lang='lat' dir='ltr'><strong>fortuna</strong></span> <span class='ocrx_word' id='word_1_28' title='bbox 847 2211 1011 2276; x_wconf 76' lang='lat' dir='ltr'>desiderat</span> <span class='ocrx_word' id='word_1_29' title='bbox 1032 2233 1081 2276; x_wconf 88' lang='lat' dir='ltr'><strong>re·</strong></span> 
     </span>
     <span class='ocr_line' id='line_1_8' title="bbox 62 2295 1080 2383; baseline 0.004 -22"><span class='ocrx_word' id='word_1_30' title='bbox 62 2295 256 2362; x_wconf 87' lang='lat' dir='ltr'>munerandi</span> <span class='ocrx_word' id='word_1_31' title='bbox 287 2296 392 2361; x_wconf 88' lang='lat' dir='ltr'><strong>uioem</strong></span> <span class='ocrx_word' id='word_1_32' title='bbox 424 2318 529 2381; x_wconf 91' lang='lat' dir='ltr'>neque</span> <span class='ocrx_word' id='word_1_33' title='bbox 561 2302 674 2362; x_wconf 87' lang='lat' dir='ltr'><strong>nostra</strong></span> <span class='ocrx_word' id='word_1_34' title='bbox 707 2299 855 2383; x_wconf 79' lang='lat' dir='ltr'>suggerit</span> <span class='ocrx_word' id='word_1_35' title='bbox 887 2299 1080 2365; x_wconf 86' lang='lat' dir='ltr'><strong>restituendi</strong></span> 
     </span>
     <span class='ocr_line' id='line_1_9' title="bbox 62 2384 1080 2470; baseline 0.001 -20"><span class='ocrx_word' id='word_1_36' title='bbox 62 2386 261 2451; x_wconf 81' lang='lat' dir='ltr'><strong>facultatem.</strong></span> <span class='ocrx_word' id='word_1_37' title='bbox 302 2385 505 2470; x_wconf 85' lang='lat' dir='ltr'><strong>priuatorum</strong></span> <span class='ocrx_word' id='word_1_38' title='bbox 537 2384 602 2450; x_wconf 84' lang='lat' dir='ltr'><strong>ista</strong></span> <span class='ocrx_word' id='word_1_39' title='bbox 632 2386 726 2470; x_wconf 81' lang='lat' dir='ltr'><strong>eopia</strong></span> <span class='ocrx_word' id='word_1_40' title='bbox 754 2391 805 2451; x_wconf 89' lang='lat' dir='ltr'><strong>est</strong></span> <span class='ocrx_word' id='word_1_41' title='bbox 831 2387 917 2452; x_wconf 88' lang='lat' dir='ltr'><strong>iuter</strong></span> <span class='ocrx_word' id='word_1_42' title='bbox 946 2409 980 2453; x_wconf 88' lang='lat' dir='ltr'><strong>se</strong></span> <span class='ocrx_word' id='word_1_43' title='bbox 1008 2408 1080 2453; x_wconf 86' lang='lat' dir='ltr'><strong>esse</strong></span> 
     </span>
     <span class='ocr_line' id='line_1_10' title="bbox 63 2473 1107 2559; baseline 0.004 -20"><span class='ocrx_word' id='word_1_44' title='bbox 63 2474 249 2540; x_wconf 82' lang='lat' dir='ltr'><strong>munificos:</strong></span> <span class='ocrx_word' id='word_1_45' title='bbox 280 2477 338 2538; x_wconf 87' lang='lat' dir='ltr'><strong>tua</strong></span> <span class='ocrx_word' id='word_1_46' title='bbox 361 2473 517 2539; x_wconf 82' lang='lat' dir='ltr'><strong>beneficia</strong></span> <span class='ocrx_word' id='word_1_47' title='bbox 541 2478 577 2538; x_wconf 90' lang='lat' dir='ltr'><strong>ut</strong></span> <span class='ocrx_word' id='word_1_48' title='bbox 601 2474 773 2539; x_wconf 86' lang='lat' dir='ltr'><strong>maiestate</strong></span> <span class='ocrx_word' id='word_1_49' title='bbox 796 2475 1010 2559; x_wconf 87' lang='lat' dir='ltr'><strong>praeoellunt,</strong></span> <span class='ocrx_word' id='word_1_50' title='bbox 1031 2476 1107 2543; x_wconf 75' lang='lat' dir='ltr'><strong>itae</strong></span> 
     </span>
    </p>

    <p class='ocr_par' dir='ltr' id='par_1_5' title="bbox 23 2561 1119 3356">
     <span class='ocr_line' id='line_1_11' title="bbox 23 2561 1079 2649; baseline -0.001 -20"><span class='ocrx_word' id='word_1_51' title='bbox 23 2567 213 2629; x_wconf 74' lang='lat' dir='ltr'><strong>amutuum</strong></span> <span class='ocrx_word' id='word_1_52' title='bbox 245 2583 311 2627; x_wconf 91' lang='lat' dir='ltr'><strong>non</strong></span> <span class='ocrx_word' id='word_1_53' title='bbox 343 2566 527 2646; x_wconf 77' lang='lat' dir='ltr'><strong>reposcunt.</strong></span> <span class='ocrx_word' id='word_1_54' title='bbox 574 2562 660 2646; x_wconf 91' lang='lat' dir='ltr'><strong>quod</strong></span> <span class='ocrx_word' id='word_1_55' title='bbox 688 2561 794 2627; x_wconf 87' lang='lat' dir='ltr'><strong>solum</strong></span> <span class='ocrx_word' id='word_1_56' title='bbox 821 2564 922 2649; x_wconf 79' lang='lat' dir='ltr'><strong>igitur</strong></span> <span class='ocrx_word' id='word_1_57' title='bbox 948 2566 1079 2629; x_wconf 86' lang='lat' dir='ltr'><strong>nostrae</strong></span> 
     </span>
     <span class='ocr_line' id='line_1_12' title="bbox 61 2651 1079 2737; baseline -0.001 -20"><span class='ocrx_word' id='word_1_58' title='bbox 61 2653 135 2736; x_wconf 89' lang='lat' dir='ltr'><strong>opis</strong></span> <span class='ocrx_word' id='word_1_59' title='bbox 159 2655 223 2730; x_wconf 88' lang='lat' dir='ltr'><strong>est,</strong></span> <span class='ocrx_word' id='word_1_60' title='bbox 246 2651 370 2736; x_wconf 80' lang='lat' dir='ltr'><strong>gratias</strong></span> <span class='ocrx_word' id='word_1_61' title='bbox 395 2672 471 2737; x_wconf 80' lang='lat' dir='ltr'><strong>ago:</strong></span> <span class='ocrx_word' id='word_1_62' title='bbox 498 2672 612 2716; x_wconf 88' lang='lat' dir='ltr'>uerum</span> <span class='ocrx_word' id='word_1_63' title='bbox 634 2651 696 2733; x_wconf 88' lang='lat' dir='ltr'><strong>ita,</strong></span> <span class='ocrx_word' id='word_1_64' title='bbox 719 2655 756 2715; x_wconf 89' lang='lat' dir='ltr'><strong>ut</strong></span> <span class='ocrx_word' id='word_1_65' title='bbox 779 2651 864 2737; x_wconf 87' lang='lat' dir='ltr'><strong>apud</strong></span> <span class='ocrx_word' id='word_1_66' title='bbox 888 2652 983 2716; x_wconf 89' lang='lat' dir='ltr'>deum</span> <span class='ocrx_word' id='word_1_67' title='bbox 1006 2651 1079 2717; x_wconf 86' lang='lat' dir='ltr'><strong>fieri</strong></span> 
     </span>
     <span class='ocr_line' id='line_1_13' title="bbox 62 2739 1080 2824; baseline -0.001 -18"><span class='ocrx_word' id='word_1_68' title='bbox 62 2744 167 2819; x_wconf 84' lang='lat' dir='ltr'><strong>amat,</strong></span> <span class='ocrx_word' id='word_1_69' title='bbox 191 2740 359 2806; x_wconf 88' lang='lat' dir='ltr'><strong>sentiendo</strong></span> <span class='ocrx_word' id='word_1_70' title='bbox 383 2739 545 2823; x_wconf 82' lang='lat' dir='ltr'><strong>copiosius</strong></span> <span class='ocrx_word' id='word_1_71' title='bbox 571 2761 667 2824; x_wconf 89' lang='lat' dir='ltr'><strong>quam</strong></span> <span class='ocrx_word' id='word_1_72' title='bbox 691 2739 860 2824; x_wconf 85' lang='lat' dir='ltr'>loquendo.</span> <span class='ocrx_word' id='word_1_73' title='bbox 899 2744 995 2823; x_wconf 83' lang='lat' dir='ltr'><strong>atque</strong></span> <span class='ocrx_word' id='word_1_74' title='bbox 1013 2761 1080 2806; x_wconf 88' lang='lat' dir='ltr'><strong>non</strong></span> 
     </span>
     <span class='ocr_line' id='line_1_14' title="bbox 61 2828 1079 2914; baseline 0 -20"><span class='ocrx_word' id='word_1_75' title='bbox 61 2831 97 2894; x_wconf 90' lang='lat' dir='ltr'><strong>in</strong></span> <span class='ocrx_word' id='word_1_76' title='bbox 116 2828 258 2894; x_wconf 78' lang='lat' dir='ltr'><strong>sacrario</strong></span> <span class='ocrx_word' id='word_1_77' title='bbox 278 2829 377 2911; x_wconf 89' lang='lat' dir='ltr'><strong>[loeo]</strong></span> <span class='ocrx_word' id='word_1_78' title='bbox 396 2828 574 2914; x_wconf 82' lang='lat' dir='ltr'><strong>imperialis</strong></span> <span class='ocrx_word' id='word_1_79' title='bbox 594 2829 732 2912; x_wconf 85' lang='lat' dir='ltr'><strong>oraculi,</strong></span> <span class='ocrx_word' id='word_1_80' title='bbox 755 2829 811 2914; x_wconf 93' lang='lat' dir='ltr'><strong>qui</strong></span> <span class='ocrx_word' id='word_1_81' title='bbox 834 2829 926 2895; x_wconf 88' lang='lat' dir='ltr'><strong>loeus</strong></span> <span class='ocrx_word' id='word_1_82' title='bbox 944 2828 1079 2894; x_wconf 87' lang='lat' dir='ltr'><strong>horrore</strong></span> 
     </span>
     <span class='ocr_line' id='line_1_15' title="bbox 60 2917 1119 3001; baseline 0.001 -18"><span class='ocrx_word' id='word_1_83' title='bbox 60 2918 241 3001; x_wconf 87' lang='lat' dir='ltr'><strong>tranquillo</strong></span> <span class='ocrx_word' id='word_1_84' title='bbox 266 2923 298 2981; x_wconf 90' lang='lat' dir='ltr'><strong>et</strong></span> <span class='ocrx_word' id='word_1_85' title='bbox 320 2938 441 3001; x_wconf 86' lang='lat' dir='ltr'><strong>pauore</strong></span> <span class='ocrx_word' id='word_1_86' title='bbox 464 2917 641 2983; x_wconf 87' lang='lat' dir='ltr'><strong>uenerabili</strong></span> <span class='ocrx_word' id='word_1_87' title='bbox 669 2938 743 2983; x_wconf 89' lang='lat' dir='ltr'><strong>raro</strong></span> <span class='ocrx_word' id='word_1_88' title='bbox 772 2918 909 2983; x_wconf 88' lang='lat' dir='ltr'>eundem</span> <span class='ocrx_word' id='word_1_89' title='bbox 933 2919 1078 2983; x_wconf 87' lang='lat' dir='ltr'><strong>animum</strong></span> <span class='ocrx_word' id='word_1_90' title='bbox 1092 2944 1119 2984; x_wconf 72' lang='lat' dir='ltr'><strong>io</strong></span> 
     </span>
     <span class='ocr_line' id='line_1_16' title="bbox 61 3006 1078 3093; baseline 0.001 -22"><span class='ocrx_word' id='word_1_91' title='bbox 61 3009 211 3092; x_wconf 85' lang='lat' dir='ltr'><strong>praestat</strong></span> <span class='ocrx_word' id='word_1_92' title='bbox 234 3010 267 3070; x_wconf 91' lang='lat' dir='ltr'><strong>et</strong></span> <span class='ocrx_word' id='word_1_93' title='bbox 289 3006 417 3071; x_wconf 90' lang='lat' dir='ltr'>uultum</span> <span class='ocrx_word' id='word_1_94' title='bbox 441 3006 503 3089; x_wconf 83' lang='lat' dir='ltr'><strong>tui3</strong></span> <span class='ocrx_word' id='word_1_95' title='bbox 529 3006 585 3070; x_wconf 90' lang='lat' dir='ltr'><strong>sed</strong></span> <span class='ocrx_word' id='word_1_96' title='bbox 608 3027 838 3093; x_wconf 80' lang='lat' dir='ltr'>usquequaque</span> <span class='ocrx_word' id='word_1_97' title='bbox 861 3007 986 3093; x_wconf 84' lang='lat' dir='ltr'><strong>gratias</strong></span> <span class='ocrx_word' id='word_1_98' title='bbox 1006 3027 1078 3092; x_wconf 82' lang='lat' dir='ltr'><strong>ago,</strong></span> 
     </span>
     <span class='ocr_line' id='line_1_17' title="bbox 61 3094 1077 3180; baseline 0 -21"><span class='ocrx_word' id='word_1_99' title='bbox 61 3101 134 3159; x_wconf 89' lang='lat' dir='ltr'><strong>tum</strong></span> <span class='ocrx_word' id='word_1_100' title='bbox 153 3098 279 3178; x_wconf 82' lang='lat' dir='ltr'><strong>tacens,</strong></span> <span class='ocrx_word' id='word_1_101' title='bbox 296 3097 366 3159; x_wconf 89' lang='lat' dir='ltr'><strong>tum</strong></span> <span class='ocrx_word' id='word_1_102' title='bbox 386 3094 537 3179; x_wconf 86' lang='lat' dir='ltr'><strong>loquens,</strong></span> <span class='ocrx_word' id='word_1_103' title='bbox 555 3098 625 3159; x_wconf 89' lang='lat' dir='ltr'><strong>tum</strong></span> <span class='ocrx_word' id='word_1_104' title='bbox 645 3095 679 3159; x_wconf 91' lang='lat' dir='ltr'><strong>in</strong></span> <span class='ocrx_word' id='word_1_105' title='bbox 698 3099 792 3161; x_wconf 83' lang='lat' dir='ltr'><strong>coetu</strong></span> <span class='ocrx_word' id='word_1_106' title='bbox 812 3094 989 3180; x_wconf 87' lang='lat' dir='ltr'><strong>hominum,</strong></span> <span class='ocrx_word' id='word_1_107' title='bbox 1006 3099 1077 3161; x_wconf 90' lang='lat' dir='ltr'><strong>tum</strong></span> 
     </span>
     <span class='ocr_line' id='line_1_18' title="bbox 61 3184 1079 3269; baseline -0.001 -21"><span class='ocrx_word' id='word_1_108' title='bbox 61 3185 133 3269; x_wconf 90' lang='lat' dir='ltr'><strong>ipse</strong></span> <span class='ocrx_word' id='word_1_109' title='bbox 157 3204 297 3267; x_wconf 87' lang='lat' dir='ltr'>meeum,</span> <span class='ocrx_word' id='word_1_110' title='bbox 325 3187 358 3249; x_wconf 88' lang='lat' dir='ltr'><strong>et</strong></span> <span class='ocrx_word' id='word_1_111' title='bbox 381 3205 453 3248; x_wconf 90' lang='lat' dir='ltr'><strong>oum</strong></span> <span class='ocrx_word' id='word_1_112' title='bbox 477 3205 557 3249; x_wconf 86' lang='lat' dir='ltr'><strong>uoce</strong></span> <span class='ocrx_word' id='word_1_113' title='bbox 579 3185 684 3268; x_wconf 86' lang='lat' dir='ltr'><strong>patui,</strong></span> <span class='ocrx_word' id='word_1_114' title='bbox 712 3187 840 3249; x_wconf 83' lang='lat' dir='ltr'>etcum</span> <span class='ocrx_word' id='word_1_115' title='bbox 869 3184 1079 3266; x_wconf 75' lang='lat' dir='ltr'><strong>meditatione</strong></span> 
     </span>
     <span class='ocr_line' id='line_1_19' title="bbox 61 3271 1079 3356; baseline -0.001 -18"><span class='ocrx_word' id='word_1_116' title='bbox 61 3273 191 3355; x_wconf 81' lang='lat' dir='ltr'><strong>secessi,</strong></span> <span class='ocrx_word' id='word_1_117' title='bbox 211 3272 300 3338; x_wconf 89' lang='lat' dir='ltr'><strong>omni</strong></span> <span class='ocrx_word' id='word_1_118' title='bbox 319 3272 391 3339; x_wconf 88' lang='lat' dir='ltr'><strong>loeo</strong></span> <span class='ocrx_word' id='word_1_119' title='bbox 411 3276 486 3339; x_wconf 86' lang='lat' dir='ltr'><strong>actu</strong></span> <span class='ocrx_word' id='word_1_120' title='bbox 504 3272 621 3338; x_wconf 84' lang='lat' dir='ltr'><strong>habitu</strong></span> <span class='ocrx_word' id='word_1_121' title='bbox 640 3276 673 3337; x_wconf 91' lang='lat' dir='ltr'><strong>et</strong></span> <span class='ocrx_word' id='word_1_122' title='bbox 690 3276 846 3355; x_wconf 88' lang='lat' dir='ltr'><strong>tempore.</strong></span> <span class='ocrx_word' id='word_1_123' title='bbox 875 3271 1079 3356; x_wconf 71' lang='lat' dir='ltr'><strong>uomitum,</strong></span> 
     </span>
    </p>
   </div>
   <div class='ocr_carea' id='block_1_5' title="bbox 59 3464 1126 3966">
    <p class='ocr_par' dir='ltr' id='par_1_6' title="bbox 59 3464 1126 3676">
     <span class='ocr_line' id='line_1_20' title="bbox 134 3464 1126 3536; baseline 0 -17"><span class='ocrx_word' id='word_1_124' title='bbox 134 3465 147 3519; x_wconf 91' lang='lat'><em>1</em></span> <span class='ocrx_word' id='word_1_125' title='bbox 171 3482 380 3519; x_wconf 74' lang='lat' dir='ltr'><strong>avamaausuau</strong></span> <span class='ocrx_word' id='word_1_126' title='bbox 398 3464 521 3536; x_wconf 72' lang='lat' dir='ltr'><strong>vanans]</strong></span> <span class='ocrx_word' id='word_1_127' title='bbox 541 3482 701 3519; x_wconf 75' lang='lat' dir='ltr'><strong>avamoms</strong></span> <span class='ocrx_word' id='word_1_128' title='bbox 719 3481 845 3519; x_wconf 72' lang='lat' dir='ltr'><strong>vassum</strong></span> <span class='ocrx_word' id='word_1_129' title='bbox 863 3482 957 3520; x_wconf 72' lang='lat' dir='ltr'><strong>namot</strong></span> <span class='ocrx_word' id='word_1_130' title='bbox 975 3483 1076 3519; x_wconf 73' lang='lat' dir='ltr'><strong>eoam</strong></span> <span class='ocrx_word' id='word_1_131' title='bbox 1096 3467 1126 3519; x_wconf 89' lang='grc' dir='ltr'><em>Ζ</em></span> 
     </span>
     <span class='ocr_line' id='line_1_21' title="bbox 60 3532 1078 3606; baseline 0.002 -18"><span class='ocrx_word' id='word_1_132' title='bbox 60 3554 95 3590; x_wconf 75' lang='grc' dir='ltr'><strong>ιο</strong></span> <span class='ocrx_word' id='word_1_133' title='bbox 108 3553 304 3590; x_wconf 75' lang='lat' dir='ltr'><strong>maomoais</strong></span> <span class='ocrx_word' id='word_1_134' title='bbox 322 3535 376 3590; x_wconf 72' lang='grc' dir='ltr'><strong>ΤΘ</strong></span> <span class='ocrx_word' id='word_1_135' title='bbox 394 3534 498 3606; x_wconf 87' lang='lat' dir='ltr'><strong>lneipit</strong></span> <span class='ocrx_word' id='word_1_136' title='bbox 516 3534 672 3605; x_wconf 79' lang='lat' dir='ltr'><strong>gratiarum</strong></span> <span class='ocrx_word' id='word_1_137' title='bbox 691 3533 766 3590; x_wconf 88' lang='lat' dir='ltr'><strong>actio</strong></span> <span class='ocrx_word' id='word_1_138' title='bbox 785 3532 863 3590; x_wconf 85' lang='lat' dir='ltr'><strong>diota</strong></span> <span class='ocrx_word' id='word_1_139' title='bbox 880 3535 995 3591; x_wconf 88' lang='lat' dir='ltr'><strong>domino</strong></span> <span class='ocrx_word' id='word_1_140' title='bbox 1009 3535 1078 3590; x_wconf 74' lang='lat' dir='ltr'><strong>Gra·</strong></span> 
     </span>
     <span class='ocr_line' id='line_1_22' title="bbox 59 3602 1083 3676; baseline -0.001 -15"><span class='ocrx_word' id='word_1_141' title='bbox 59 3606 142 3663; x_wconf 84' lang='lat' dir='ltr'><strong>tiano</strong></span> <span class='ocrx_word' id='word_1_142' title='bbox 157 3607 285 3676; x_wconf 75' lang='lat' dir='ltr'><strong>Augusto</strong></span> <span class='ocrx_word' id='word_1_143' title='bbox 304 3606 355 3660; x_wconf 87' lang='lat' dir='ltr'><strong>sub</strong></span> <span class='ocrx_word' id='word_1_144' title='bbox 370 3607 494 3663; x_wconf 84' lang='lat' dir='ltr'><strong>Ausonio</strong></span> <span class='ocrx_word' id='word_1_145' title='bbox 512 3624 538 3661; x_wconf 83' lang='lat' dir='ltr'><strong>v.</strong></span> <span class='ocrx_word' id='word_1_146' title='bbox 559 3622 582 3662; x_wconf 87' lang='lat' dir='ltr'><strong>c.</strong></span> <span class='ocrx_word' id='word_1_147' title='bbox 601 3605 670 3675; x_wconf 86' lang='lat' dir='ltr'>pref.</span> <span class='ocrx_word' id='word_1_148' title='bbox 690 3607 760 3675; x_wconf 85' lang='lat' dir='ltr'>pret.</span> <span class='ocrx_word' id='word_1_149' title='bbox 780 3606 804 3661; x_wconf 72' lang='lat' dir='ltr'><strong>to</strong></span> <span class='ocrx_word' id='word_1_150' title='bbox 821 3602 925 3661; x_wconf 86' lang='lat' dir='ltr'><strong>consul’</strong></span> <span class='ocrx_word' id='word_1_151' title='bbox 945 3606 1033 3663; x_wconf 86' lang='lat' dir='ltr'><strong>ordin.</strong></span> <span class='ocrx_word' id='word_1_152' title='bbox 1044 3606 1083 3660; x_wconf 79' lang='lat' dir='ltr'><strong><em>M</em></strong></span> 
     </span>
    </p>

    <p class='ocr_par' dir='ltr' id='par_1_7' title="bbox 59 3676 1079 3966">
     <span class='ocr_line' id='line_1_23' title="bbox 99 3676 1079 3761; baseline 0 -29"><span class='ocrx_word' id='word_1_153' title='bbox 99 3682 113 3732; x_wconf 94' lang='lat'>1</span> <span class='ocrx_word' id='word_1_154' title='bbox 133 3676 299 3749; x_wconf 85' lang='lat' dir='ltr'><strong>imperator]</strong></span> <span class='ocrx_word' id='word_1_155' title='bbox 319 3677 358 3732; x_wconf 87' lang='lat' dir='ltr'><strong>mi</strong></span> <span class='ocrx_word' id='word_1_156' title='bbox 375 3683 410 3747; x_wconf 75' lang='lat' dir='ltr'><strong>pi</strong></span> <span class='ocrx_word' id='word_1_157' title='bbox 429 3681 475 3749; x_wconf 82' lang='lat' dir='ltr'><strong>(aa.</strong></span> <span class='ocrx_word' id='word_1_158' title='bbox 493 3677 575 3747; x_wconf 70' lang='lat' dir='ltr'><strong>imfir)</strong></span> <span class='ocrx_word' id='word_1_159' title='bbox 592 3677 618 3732; x_wconf 83' lang='grc' dir='ltr'><em>Τ</em></span> <span class='ocrx_word' id='word_1_160' title='bbox 687 3683 704 3732; x_wconf 75' lang='lat'><strong>2</strong></span> <span class='ocrx_word' id='word_1_161' title='bbox 722 3676 863 3761; x_wconf 71' lang='lat' dir='ltr'><strong>sufferrem</strong></span> <span class='ocrx_word' id='word_1_162' title='bbox 879 3678 905 3732; x_wconf 85' lang='grc' dir='ltr'><em>Τ</em></span> <span class='ocrx_word' id='word_1_163' title='bbox 919 3680 923 3744; x_wconf 96' lang='grc' dir='ltr'>Ι</span> <span class='ocrx_word' id='word_1_164' title='bbox 938 3694 1029 3747; x_wconf 87' lang='lat' dir='ltr'>neque</span> <span class='ocrx_word' id='word_1_165' title='bbox 1043 3706 1079 3717; x_wconf 90' lang='lat'><em>-</em></span> 
     </span>
     <span class='ocr_line' id='line_1_24' title="bbox 59 3748 1078 3890; baseline 0 -16"><span class='ocrx_word' id='word_1_166' title='bbox 59 3748 165 3875; x_wconf 61' lang='lat' dir='ltr'><strong>itti]</strong></span> <span class='ocrx_word' id='word_1_167' title='bbox 175 3764 228 3874; x_wconf 70' lang='lat' dir='ltr'><strong>it</strong></span> <span class='ocrx_word' id='word_1_168' title='bbox 244 3766 331 3877; x_wconf 55' lang='lat' dir='ltr'><strong>{eii</strong></span> <span class='ocrx_word' id='word_1_169' title='bbox 341 3750 379 3877; x_wconf 65' lang='lat' dir='ltr'><strong>ai</strong></span> <span class='ocrx_word' id='word_1_170' title='bbox 388 3765 577 3890; x_wconf 50' lang='lat' dir='ltr'><strong>aiio-siff</strong></span> <span class='ocrx_word' id='word_1_171' title='bbox 595 3748 660 3876; x_wconf 56' lang='lat' dir='ltr'><strong>aff</strong></span> <span class='ocrx_word' id='word_1_172' title='bbox 669 3751 874 3875; x_wconf 51' lang='lat' dir='ltr'><strong>autistiti?</strong></span> <span class='ocrx_word' id='word_1_173' title='bbox 890 3749 1078 3876; x_wconf 41' lang='lat' dir='ltr'><strong>titioque</strong></span> 
     </span>
     <span class='ocr_line' id='line_1_25' title="bbox 61 3888 971 3966; baseline 0 -21"><span class='ocrx_word' id='word_1_174' title='bbox 61 3897 95 3946; x_wconf 76' lang='lat'><strong>12</strong></span> <span class='ocrx_word' id='word_1_175' title='bbox 114 3891 225 3962; x_wconf 78' lang='lat' dir='ltr'><strong>tacens]</strong></span> <span class='ocrx_word' id='word_1_176' title='bbox 244 3892 349 3948; x_wconf 78' lang='lat' dir='ltr'><strong>tacitus</strong></span> <span class='ocrx_word' id='word_1_177' title='bbox 369 3892 407 3948; x_wconf 85' lang='grc' dir='ltr'><em>Μ</em></span> <span class='ocrx_word' id='word_1_178' title='bbox 424 3894 430 3960; x_wconf 83' lang='grc' dir='ltr'>Ι</span> <span class='ocrx_word' id='word_1_179' title='bbox 455 3892 520 3947; x_wconf 84' lang='lat' dir='ltr'><strong>cetu</strong></span> <span class='ocrx_word' id='word_1_180' title='bbox 540 3890 607 3946; x_wconf 83' lang='lat' dir='ltr'><strong>YM</strong></span> <span class='ocrx_word' id='word_1_181' title='bbox 676 3897 709 3946; x_wconf 83' lang='lat' dir='ltr'><strong>la</strong></span> <span class='ocrx_word' id='word_1_182' title='bbox 728 3893 758 3945; x_wconf 86' lang='lat' dir='ltr'><strong>et</strong></span> <span class='ocrx_word' id='word_1_183' title='bbox 775 3893 835 3966; x_wconf 74' lang='lat' dir='ltr'><strong>tum</strong></span> <span class='ocrx_word' id='word_1_184' title='bbox 854 3907 924 3946; x_wconf 85' lang='lat' dir='ltr'><strong>uooe</strong></span> <span class='ocrx_word' id='word_1_185' title='bbox 945 3888 971 3945; x_wconf 82' lang='lat' dir='ltr'><em>G</em></span> 
     </span>
    </p>
   </div>
   <div class='ocr_carea' id='block_1_6' title="bbox 114 3984 917 4033">
    <p class='ocr_par' dir='ltr' id='par_1_8' title="bbox 114 3984 917 4033">
     <span class='ocr_line' id='line_1_26' title="bbox 114 3984 917 4033; baseline 0.004 -3"><span class='ocrx_word' id='word_1_186' title='bbox 114 3988 248 4032; x_wconf 70' lang='lat' dir='ltr'><strong>Autome.</strong></span> <span class='ocrx_word' id='word_1_187' title='bbox 882 3984 917 4033; x_wconf 73' lang='lat'><strong>23</strong></span> 
     </span>
    </p>
   </div>
   <div class='ocr_carea' id='block_1_7' title="bbox 0 0 1220 4274">
    <p class='ocr_par' dir='ltr' id='par_1_9' title="bbox 0 0 1220 4274">
     <span class='ocr_line' id='line_1_27' title="bbox 0 0 1220 4274; baseline 0 0"><span class='ocrx_word' id='word_1_188' title='bbox 0 0 1220 4274; x_wconf 95' lang='lat' dir='ltr'><strong> </strong></span> 
     </span>
    </p>
   </div>
  </div>
 </body>
</html>
