2430 4274
536 550 571 563 -.
622 516 688 580 272
735 550 772 562 .-

148 677 240 755 Quod
264 677 293 741 si
315 676 458 762 rogabit,
482 673 560 760 quid
583 696 680 758 super
703 672 832 756 scriptis
855 672 950 738 nouis

146 765 295 831 Maturus
318 765 390 831 aeui
413 785 473 828 nec
496 763 584 829 rudis
607 762 793 827 diiudicem:
1125 776 1156 827 ao

146 854 281 921 Nescire
304 853 404 937 dices,
428 852 484 917 sed
507 855 658 937 paratum
680 852 746 915 iam
768 849 838 915 fore

148 941 361 1009 Heroicorum
385 962 537 1006 uersuum
560 940 691 1023 plenum
715 937 872 1004 essedum.

149 1029 211 1097 Oui
233 1030 415 1116 subiugabo
440 1029 478 1093 de
502 1029 660 1094 molarum
684 1027 891 1112 ambagibus,

150 1119 213 1196 Qui
236 1118 412 1184 machinali
435 1139 513 1182 saxa
535 1117 672 1181 uoluunt
694 1116 850 1201 pondere,

150 1207 305 1291 Tripedes
329 1207 471 1273 caballos
494 1208 589 1289 terga
611 1209 726 1287 ruptos
749 1205 896 1287 uerbere,
1129 1217 1159 1268 as

149 1295 212 1361 His
234 1300 273 1360 ut
295 1295 455 1360 uehuntur
477 1297 544 1358 tres
568 1293 694 1358 sodales
717 1293 834 1357 nuntii.

150 1383 231 1449 Fors
254 1386 288 1447 et
310 1383 452 1468 rogabit,
475 1403 554 1466 quos
579 1381 706 1446 sodales
730 1381 849 1445 dixeris

152 1469 256 1537 Simul
278 1472 401 1536 uenire:
424 1471 488 1535 die:
513 1469 685 1534 ‘trinodem
708 1469 871 1553 dactylum

151 1559 231 1625 Vidi
252 1563 402 1644 paratum
424 1559 582 1625 crucianti
605 1557 785 1624 cantherio:

153 1646 320 1732 Spondeus
343 1648 392 1713 illi
415 1648 554 1730 lentipes
577 1647 648 1712 ibat
670 1668 791 1728 comes,

152 1737 290 1802 Paribus
313 1742 459 1804 moratur
482 1737 539 1821 qui
561 1736 641 1801 locis
665 1756 793 1800 cursum
817 1755 939 1817 meum,

153 1824 298 1910 Mihique
322 1826 452 1910 similis,
475 1846 602 1908 semper
625 1823 781 1888 aduersus
804 1826 928 1905 tamen,

151 1912 221 1979 Nec
244 1936 317 1998 par,
340 1936 400 1979 nec
422 1915 541 1998 impar,
565 1913 621 1998 qui
644 1912 814 1978 trochaeus
838 1909 977 1976 dicitur!

152 1999 243 2066 Haec
265 2002 333 2066 fare
357 2004 477 2067 cursim
500 2023 560 2067 nec
582 2005 728 2066 moratus
751 2000 899 2084 paruola,

153 2089 287 2174 Aliquid
311 2093 481 2174 reportans
504 2089 635 2154 interim
659 2090 866 2154 munusculi

154 2175 203 2242 De
226 2178 380 2262 largitate
404 2179 518 2243 musici
541 2178 744 2261 promptarii.

101 2369 243 2474 {Mil
322 2404 507 2460 Avsomvs
526 2403 688 2460 Plvnruo
708 2403 777 2459 svo
797 2402 872 2459 san.
891 2401 945 2458 sn.
964 2401 998 2456 n.

221 2531 342 2596 Multas
366 2536 399 2596 et
414 2533 603 2617 frequentes
631 2531 713 2597 mihi
740 2530 865 2616 gratiae
893 2534 969 2595 tuae
997 2550 1114 2594 musas
1139 2532 1170 2593 et

156 2621 283 2687 occasio
311 2620 448 2686 subinde
476 2626 556 2686 nata
584 2621 757 2686 concinnat
779 2622 814 2684 et
835 2623 971 2683 naturae
993 2620 1073 2683 tuae
1095 2618 1171 2683 faci·

155 2709 230 2773 litas
258 2709 401 2793 benigna
426 2711 591 2790 conciliat,
618 2709 753 2774 Pauline
781 2707 836 2771 fili.
882 2728 957 2772 nam
989 2706 1069 2791 quia
1091 2706 1171 2771 nihil

155 2802 308 2881 poscente
328 2818 380 2862 me
399 2798 528 2882 abnuis,
551 2799 656 2882 magis
680 2798 768 2862 acuis
792 2796 976 2879 procaciam
999 2816 1100 2878 quam
1123 2818 1172 2859 re·

156 2883 281 2949 tundis:
304 2887 341 2948 ut
361 2906 448 2950 nunc
467 2908 594 2970 quoque
612 2888 647 2951 in
665 2907 763 2951 causa
781 2884 930 2949 Philonis
949 2884 1170 2966 procuratoris
1187 2909 1200 2957 5

157 2972 319 3056 quondam
343 2973 408 3037 mei
432 2975 609 3058 experiere,
636 2975 692 3058 qui
716 2973 801 3058 apud
824 2970 1074 3056 Hebromagum
1096 2995 1171 3038 con·

156 3059 234 3123 ditis
262 3058 434 3141 mercibus,
462 3083 542 3145 quus
566 3084 625 3146 per
647 3083 743 3147 agros
767 3061 913 3125 diuersos
938 3059 1072 3143 coemit,
1099 3082 1172 3125 con·

156 3168 246 3212 cesso
270 3148 312 3212 ab
335 3148 522 3214 hominibus
541 3152 606 3216 tuis
625 3173 703 3215 usus
728 3149 882 3233 hospitio,
905 3148 1071 3214 inmature
1089 3149 1171 3233 peri·

157 3235 287 3301 clitatur
311 3237 437 3321 expelli.
474 3239 561 3323 quod
588 3239 652 3304 nisi
680 3237 852 3304 indulseris
876 3241 1014 3320 rogante
1043 3259 1109 3322 me,
1136 3240 1172 3301 ut

229 3400 262 3449 82
287 3396 388 3449 aeuum
409 3396 435 3450 Τ
460 3396 595 3450 assedam
617 3394 644 3450 G
669 3396 783 3450 ssedum
804 3396 841 3448 M
911 3398 946 3447 85
964 3396 1063 3463 ruptae
1083 3394 1120 3449 M

106 3494 118 3519 ι
158 3470 192 3519 38
211 3466 346 3520 dactilum
367 3467 434 3521 TM
504 3473 538 3521 39
557 3465 702 3522 cantherio
721 3467 747 3521 G
819 3471 852 3520 41
873 3464 925 3533 suti
944 3480 1040 3519 meum
1061 3465 1087 3520 T
1138 3470 1170 3519 46

158 3535 304 3606 promtarii
323 3538 361 3590 M

228 3623 319 3678 XXVI
337 3642 386 3679 suo
406 3625 465 3681 sal'.
484 3626 522 3695 pl.
542 3626 595 3682 die.
615 3625 641 3679 Τ
657 3642 707 3683 om.
729 3626 766 3678 M
797 3642 846 3680 suo
866 3626 972 3693 (cetera
990 3625 1054 3692 om.)
1074 3621 1105 3677 E
1192 3629 1207 3682 l

160 3702 172 3749 1
193 3711 291 3749 causas
305 3711 355 3750 om.
372 3696 398 3750 T
450 3704 465 3752 2
486 3699 553 3752 nata
567 3714 616 3753 orn.
629 3696 654 3750 T
668 3700 672 3765 Ι
688 3696 854 3751 concinnate
868 3696 894 3749 Z
911 3711 981 3750 corr.
992 3695 1138 3750 Auectius

147 3802 174 3857 *a
193 3801 302 3885 eujn
373 3803 502 3885 stilonis
523 3804 614 3872 riri
639 3802 763 3885 experire
781 3803 808 3856 e
881 3803 1004 3857 isauro
1022 3778 1140 3869 mbr

159 3879 175 3928 8
194 3873 230 3926 ab
249 3873 304 3940 orb,
326 3873 351 3926 Τ
421 3875 607 3946 ammature]
631 3873 795 3928 G1matnre
816 3873 854 3927 M
