2430 4274
461 552 699 619 -431-

114 710 207 777 Arsit
228 717 262 777 et
282 712 317 777 in
339 711 438 777 uidua
460 711 604 797 principe
626 733 723 777 uerus
746 734 845 778 amor.

68 799 172 886 Saepe
195 821 257 886 ego
281 800 426 865 mentitis
449 800 568 865 tremui
590 820 677 865 noua
698 800 840 866 foemina
862 803 984 868 somnis
1066 818 1083 869 o

113 888 285 974 Lapsaque
307 910 374 955 non
397 889 514 954 merito
537 892 614 953 sunt
635 887 716 953 mihi
739 889 841 954 uerba
863 911 953 956 sono.

66 977 114 1043 Et
134 982 246 1044 tamen
269 979 401 1064 ignotos
424 977 513 1042 sensi
536 981 721 1061 experrecto
744 977 873 1043 dolores

114 1065 289 1152 Strataque
311 1066 437 1132 tentaui
461 1066 547 1131 sicca
570 1069 711 1149 pauente
733 1087 848 1152 manu;

67 1153 153 1221 Nam
175 1155 235 1221 tibi
259 1154 427 1221 anhelanti
450 1175 663 1239 supremaque
685 1154 773 1220 bella
795 1154 941 1220 mouenti

111 1242 227 1309 Paruit
248 1243 420 1327 indulgens
443 1247 476 1307 et
499 1244 568 1308 sine
591 1264 671 1308 noce
695 1244 810 1327 pudor,
1048 1259 1082 1309 10

67 1331 173 1398 Dente
196 1332 279 1398 nihil
302 1332 427 1397 uiolare
449 1331 534 1415 iero,
555 1328 638 1397 nihil
661 1332 824 1417 unguibus
848 1353 960 1416 cusae3

111 1420 258 1486 Foedera
279 1443 357 1486 nam
381 1419 481 1486 tacita
503 1442 582 1506 pace
605 1422 733 1505 peregit
756 1442 856 1486 amor.
945 1451 950 1482 ι

65 1509 216 1594 Denique
238 1531 304 1575 non
328 1508 437 1574 auiam
460 1509 600 1573 tremulo
625 1509 763 1574 clamore
786 1509 901 1575 uocaui

109 1597 180 1664 Nec
202 1598 293 1682 prior
316 1597 471 1683 obsequio
495 1619 589 1662 serua
612 1598 753 1662 cucurrit
775 1619 871 1662 anus:

65 1686 143 1771 Ipsa
164 1685 348 1753 uerecundo
372 1686 469 1772 tetigi
491 1684 615 1769 pallore
638 1686 795 1770 puellum,
1046 1702 1079 1753 1⁶

109 1775 304 1860 Impositum
327 1775 432 1840 teneri
455 1774 544 1839 fessa
566 1773 698 1858 pudoris
722 1794 813 1858 opus.

456 1884 474 1923 *
563 1883 581 1918 ἑ
671 1883 689 1922 *

10 2110 77 2151 xxv
92 2111 234 2161 [ommis]
334 2087 383 2142 DE
401 2088 607 2143 FRATRIBVS
625 2087 818 2145 THEBANIS.

63 2215 134 2283 Nec
157 2215 280 2302 Stygiis
304 2216 386 2281 lucis
410 2216 524 2280 ineunt
547 2238 605 2281 sus
628 2216 760 2281 foedera
782 2215 899 2282 fratres

108 2304 395 2390 Oedipodionidas,
418 2304 457 2395 de
480 2303 597 2369 misero
622 2304 664 2368 ah
688 2304 812 2370 miseri!

132 2532 206 2588 sib.
227 2538 260 2587 10
279 2531 379 2587 uiduae
398 2547 496 2586 manus
533 2536 566 2586 81
587 2529 673 2584 nidus
691 2530 765 2585 lacto

134 2601 251 2658 8Mart
269 2601 310 2657 XI
327 2607 361 2657 81
389 2605 419 2658 et
435 2601 511 2657 iacet
529 2600 557 2655 in
576 2600 669 2656 medio
688 2599 763 2656 sicca
780 2600 877 2670 puella
894 2603 965 2657 toro.
995 2601 1075 2669 Ouid.

59 2675 113 2729 Ars
132 2673 158 2727 11
176 2680 228 2730 080
247 2672 378 2743 siccaque
397 2672 432 2730 de
449 2673 517 2728 lana
535 2672 645 2742 cogitat
661 2670 725 2741 ipsa
744 2687 802 2726 sna.

133 2761 211 2816 xxv
229 2761 345 2817 sueno.
364 2760 423 2818 Pal.
441 2760 494 2815 vn
512 2766 565 2816 acc
583 2759 674 2830 (Plan.
694 2759 734 2814 111
754 2767 795 2828 14,
815 2762 843 2831 a)

214 2881 217 2887 .
426 2829 564 2898 Bccivcooc
582 2832 711 2887 Βιθυνοῦ

170 2902 324 2966 Οἰδίποδος
341 2905 453 2958 παίδων
474 2899 554 2975 Θήβη
573 2898 678 2988 τάφος·
697 2897 759 2957 ἀλλ’
781 2899 946 2971 inanditae

220 2971 325 3047 τύμβος
343 2971 385 3029 ἔτι
403 2971 514 3040 ζώντων
532 2971 705 3028 clodovaeus
721 2974 861 3044 πολέμων.

167 3046 289 3108 Kslvooc
307 3040 369 3100 οὔτ’
386 3040 474 3113 Ἀίδης
493 3039 686 3114 ἐδαμάσσατο,
704 3039 758 3116 κήν
775 3040 911 3115 Ἀχέροντι

220 3112 390 3187 μάρνανται·
409 3117 513 3170 κείνων
532 3111 572 3184 χῶ
590 3112 681 3184 τάφος
698 3110 864 3185 ἀντίπαλος,

167 3186 225 3242 no
242 3185 312 3255 scoot
329 3187 386 3256 πῦρ
403 3181 526 3272 ἤλεγξαν
545 3181 684 3241 ἐναντίον.
717 3178 739 3240 oi
760 3185 878 3242 dtesssoi

218 3259 333 3327 παῖδες,
352 3253 513 3328 decepisse
533 3253 680 3327 ἁψάμενοι
698 3253 832 3322 δοράτων.

130 3334 147 3382 2
166 3328 237 3384 scat.
255 3327 306 3384 Th.
325 3329 338 3383 I
357 3333 408 3383 010
428 3327 667 3397 Oedipodionides
693 3327 745 3381 Vll
763 3333 815 3382 alo
835 3325 1072 3397 Oedipodionidas

57 3542 169 3610 Cancer,
187 3542 252 3597 otim
265 3540 363 3613 gliscit
374 3541 475 3611 Peipcr
528 3546 546 3594 4
564 3540 674 3596 inuidia
688 3538 745 3594 VA
763 3555 832 3595 corr.
842 3540 977 3596 Heinsius
986 3540 1072 3597 Setis.

55 3613 171 3740 psoras
190 3612 326 3669 Heinsius
398 3618 414 3667 7
439 3612 445 3624 ’
487 3613 535 3697 oto
554 3611 595 3666 A’
624 3614 629 3680 1
659 3628 674 3667 e
712 3615 807 3666 erecta
830 3610 899 3665 VA¹
972 3617 1072 3668 81011-

86 3685 129 3756 m]
154 3684 211 3739 VA
285 3690 319 3739 10
336 3683 429 3753 pudor
475 3699 549 3754 asper
566 3683 647 3738 dolor
700 3683 727 3737 A
800 3688 832 3737 11
853 3699 919 3738 ause
942 3682 969 3738 V
1039 3689 1072 3738 15

55 3755 117 3826 ipse
136 3753 323 3883 *algnana
348 3754 404 3809 VA
422 3754 611 3824 cos-eneae
629 3757 676 3821 (ac.
691 3755 846 3824 paruulum
862 3755 964 3823 filium)
1039 3757 1072 3808 10

56 3843 206 3972 onusXXV
225 3868 250 3970 ⁸2
270 3913 493 3988 Oedipodionide
510 3915 538 3969 A
