2430 4274
468 548 711 613 —221-

77 704 167 770 bona
194 707 362 788 tamquam
391 704 554 771 adfectata
582 706 723 773 laudare.
768 729 869 772 unum
896 708 959 774 hoc
986 711 1095 775 temen

78 814 99 856 a
129 793 226 858 nobis
253 792 439 859 indubitata
467 795 607 860 ueritate
635 816 807 881 cognosce,
835 797 996 862 neminem
1026 819 1095 863 esse

78 881 280 966 mortalium,
313 904 408 966 quem
441 904 519 966 prae
546 887 580 948 te
607 883 754 966 diligam3
786 884 832 949 sic
860 884 1016 950 uadatum
1044 907 1095 950 me

78 968 267 1034 honorabili
292 991 402 1035 amore
424 972 568 1036 tenuisti.
605 973 711 1036 setin
734 993 772 1036 eo
796 973 877 1036 mihi
897 974 1094 1039 uerecundue
1116 994 1148 1041 15

78 1058 182 1125 nimio
206 1060 279 1143 plus
303 1058 420 1137 uidere,
445 1060 528 1145 quod
552 1060 657 1125 libelli
680 1061 727 1125 tui
751 1061 861 1145 arguis
885 1060 1093 1145 proditorem.

77 1167 156 1210 nam
191 1146 318 1212 facilius
355 1151 407 1211 eat
443 1149 593 1214 ardentes
629 1148 758 1214 fauilles
791 1170 847 1213 ore
879 1150 1092 1234 comprimere

78 1255 176 1318 quam
203 1234 358 1300 luculenti
387 1237 495 1319 operis
523 1258 652 1302 seruare
680 1240 849 1303 secretum.
895 1259 967 1302 eum
992 1238 1093 1304 semel

78 1345 99 1388 a
123 1327 156 1387 te
179 1324 361 1407 profectum
385 1346 516 1389 carmen
540 1330 603 1409 est,
630 1326 680 1391 ius
709 1347 804 1391 omne
826 1327 976 1411 posuisti.
1022 1347 1093 1391 ora-

75 1411 126 1476 tio
149 1412 314 1495 publicata
336 1434 388 1477 res
411 1412 514 1478 libera
533 1418 591 1478 est.
628 1436 670 1479 au
688 1415 810 1480 uereris
830 1414 948 1479 aemuli
967 1436 1093 1481 uenena
1112 1434 1146 1485 2ο

76 1499 217 1581 lectoris,
239 1522 280 1565 ne
303 1501 435 1566 libellus
458 1506 533 1566 tuus
559 1501 711 1568 admorsu
734 1502 804 1567 duri
829 1501 934 1568 dentis
959 1503 1093 1569 uratur?

75 1588 139 1653 tibi
171 1589 228 1654 uni
255 1589 296 1654 ad
322 1589 386 1655 hoe
412 1591 558 1656 locorum
589 1589 672 1654 nihil
706 1590 814 1676 gratia
842 1592 1009 1673 praestitit
1036 1595 1094 1656 aut

75 1676 218 1761 dempsit
253 1677 386 1743 inuidia.
444 1680 585 1763 ingratis
622 1700 738 1743 scaeuo
775 1679 889 1762 cuique
926 1680 1092 1763 proboque

74 1764 249 1831 laudabilis
281 1788 324 1831 es.
373 1767 510 1851 proinde
542 1788 651 1832 cessas
681 1766 797 1831 dehinc
829 1766 957 1831 seclude
983 1766 1093 1832 formi-

76 1853 167 1919 dines
196 1858 229 1918 et
255 1854 389 1941 indulge
417 1855 509 1940 stilo,
537 1861 575 1921 ut
601 1877 696 1939 saepe
724 1853 881 1939 prodaris.
927 1858 1012 1920 certe
1035 1855 1091 1919 ali·
1110 1874 1145 1923 25

76 1941 162 2026 quod
182 1942 412 2008 didascalicum
431 1966 487 2009 seu
506 1945 741 2028 protrepticum
756 1947 870 2008 nostro
889 1964 1017 2027 quoque
1035 1965 1090 2009 no·

76 2030 157 2094 mini
192 2052 322 2096 carmen
360 2032 515 2099 adiudica.
570 2033 621 2098 fac
653 2031 833 2116 periculum
866 2031 987 2096 silentii
1019 2032 1092 2115 mei,

76 2118 163 2202 quod
187 2120 249 2185 etsi
271 2121 334 2185 tibi
357 2120 508 2186 exhibere
531 2126 618 2205 opto,
641 2126 752 2185 tamen
775 2121 932 2204 spondere
951 2142 1018 2186 non
1037 2143 1091 2185 au·

75 2206 145 2272 deo.
194 2209 274 2272 noui
306 2230 381 2295 ego,
414 2231 497 2293 quae
525 2211 569 2274 sit
596 2210 729 2295 prurigo
758 2208 947 2274 emuttiendi
975 2209 1092 2292 operis,

76 2293 164 2379 quod
187 2297 343 2379 proberis.
390 2319 466 2361 nam
491 2299 629 2381 quodum
654 2303 749 2382 pacto
773 2298 962 2362 societatem
985 2296 1144 2366 laudiaco

76 2383 233 2469 adfectat,
264 2386 319 2469 qui
346 2386 453 2450 aliena
481 2388 561 2450 bene
590 2387 676 2450 dictu
704 2385 826 2469 primus
850 2385 1006 2450 enuntiat.
1052 2406 1091 2451 ea

74 2474 210 2556 propter
228 2473 260 2537 in
281 2474 456 2538 comoediis
476 2474 664 2539 summatim
683 2473 813 2557 quidem
833 2473 971 2556 gloriam
991 2472 1089 2556 scrip-

75 2565 165 2625 tores
192 2561 349 2627 tulerunt:
378 2562 495 2628 Roscio
523 2567 633 2627 temen
662 2566 759 2646 atque
783 2560 937 2625 Ambiuio
961 2560 1090 2624 ceteris-

75 2642 139 2733 que
161 2650 325 2715 actoribus
348 2651 438 2715 fama
460 2674 526 2716 non
550 2650 661 2716 defuit.
702 2669 779 2733 ergo
802 2648 862 2713 tali
884 2648 1017 2732 negotio
1037 2668 1090 2711 ex-

75 2736 178 2820 pende
202 2739 304 2802 otium
323 2743 414 2804 tuum
435 2744 468 2802 et
486 2741 580 2804 nouis
600 2739 820 2804 uoluminibus
839 2736 959 2801 ieiunia
977 2740 1090 2801 nostru
1108 2756 1142 2805 35

147 2970 180 3019 rs
198 2965 331 3021 aescae
350 2967 416 3021 rete
431 2970 436 3035 l
454 2962 480 3019 u
499 2967 591 3021 unum
604 2967 631 3020 r>
685 2972 718 3020 14
736 2965 832 3036 quem]
853 2942 900 3032 <im
919 2962 953 3018 Ψ
972 2941 1032 3032 tom
1051 2964 1089 3018 V*

111 3042 144 3090 13
163 3037 221 3108 me]
239 3053 275 3092 ne
297 3037 340 3107 Vl
356 3036 515 3092 honoreuili
538 3037 688 3105 V¹1amor
709 3036 736 3089 V
751 3052 769 3089 a
786 3037 877 3090 morte
895 3034 923 3090 R
979 3040 1012 3089 13
1031 3035 1088 3106 set]

77 3106 121 3176 Vl
145 3108 212 3162 mici
235 3108 262 3162 V
286 3108 374 3162 michi
394 3107 440 3178 ΡΙ
466 3109 650 3162 uerecundius
669 3107 697 3163 R
770 3112 801 3160 17
821 3105 922 3160 iabilla
945 3105 980 3159 V¹
1055 3110 1087 3159 18

72 3179 185 3233 uerbere
206 3177 242 3232 V¹
310 3185 345 3234 20
363 3195 408 3234 res
426 3178 517 3233 libera
535 3196 552 3233 o
569 3196 614 3233 res
633 3195 682 3234 om.
703 3198 721 3231 α
775 3183 809 3232 21
830 3192 959 3231 amorsu
982 3175 1091 3230 V’PF

73 3248 205 3304 admorsu
229 3250 267 3305 V¹
285 3251 445 3305 admorsum
464 3250 512 3313 ΕΙ
533 3250 607 3321 duris
630 3249 709 3302 Vdu
727 3266 778 3304 orn.
798 3247 935 3316 (ridentis)
956 3247 984 3300 P
1054 3251 1088 3301 22

72 3318 200 3375 locurum
219 3321 267 3390 ΡΙ
287 3320 356 3376 nicil
379 3321 404 3376 V
426 3319 514 3374 nichil
533 3320 561 3373 P
629 3325 664 3374 23
683 3319 787 3388 ignatis
808 3319 836 3371 P
852 3318 979 3388 ingratus
999 3318 1028 3386 (i.
1048 3316 1090 3370 in·

72 3391 184 3461 gratiis)
203 3409 220 3446 c
236 3395 240 3461 l
257 3409 311 3460 que
329 3409 378 3447 om.
403 3392 439 3445 V¹
511 3396 546 3444 24
566 3392 609 3445 est
633 3391 689 3453 1⁷¹1
706 3390 786 3444 deinc
806 3389 841 3442 V¹
913 3386 1091 3443 2323311·

71 3465 145 3530 quot
168 3461 359 3518 dedaecalium
381 3480 429 3517 seu
450 3461 651 3531 proterpticum
670 3460 698 3516 R
722 3465 726 3528 Ι
755 3457 863 3529 nostro]
883 3459 935 3513 oio
956 3459 984 3511 P
1050 3464 1089 3540 ι27

72 3539 183 3587 cafmen
197 3534 225 3590 V
238 3529 300 3589 dani
314 3533 342 3586 P
356 3538 360 3600 Ι
376 3534 511 3603 periclum
531 3532 568 3586 V¹
640 3539 674 3587 28
694 3531 749 3600 qod
767 3529 802 3584 Vl
819 3535 823 3598 Ι
844 3530 897 3584 etei
910 3529 976 3600 tibi]
992 3532 1021 3584 et
1034 3530 1088 3584 nbi

72 3603 119 3672 ΡΙ
135 3604 247 3661 exibere
266 3606 333 3660 obbo
347 3604 384 3658 V¹
436 3609 471 3657 23
490 3604 558 3658 nobi
579 3603 614 3658 V¹
632 3608 635 3670 Ι
653 3600 806 3657 emutiendi
824 3601 883 3654 VF
935 3606 969 3655 30
989 3600 1045 3670 qod
1065 3601 1092 3655 V

108 3680 143 3729 31
170 3675 285 3730 affectat
308 3676 393 3742 libri!
414 3674 561 3730 ennuntiat
582 3675 610 3728 P
679 3680 713 3728 32
734 3672 868 3747 comediis
893 3675 918 3746 (p
937 3674 1015 3753 one)
1039 3670 1066 3726 V
1084 3672 1087 3738 j

72 3750 242 3802 summatem
260 3748 309 3814 R!
329 3745 449 3816 gloriam
468 3744 582 3815 quidem
600 3746 628 3800 R
682 3750 716 3799 33
735 3744 827 3813 adque
845 3743 888 3810 V!
905 3743 1029 3799 ambibio
1048 3760 1089 3794 ασ

71 3816 179 3881 (ambio
197 3817 238 3882 D)
300 3823 335 3871 34
354 3817 515 3872 auctoribus
541 3816 583 3883 Vl
605 3816 700 3871 deficit
717 3816 746 3872 R
804 3821 839 3870 33
858 3813 950 3885 tuum]
969 3817 1031 3867 tum
1052 3811 1088 3865 V¹

72 3886 180 3957 {nobis
202 3888 240 3942 V¹
255 3894 259 3957 Ι
275 3888 390 3959 geiunia
411 3888 448 3942 V¹
