2430 4274
594 1262 670 1330 ΠΙΙ.

70 1440 196 1491 tua-1⁸⁹1
383 1408 872 1482 PARENTALIA.

70 1634 127 1688 [rte]
424 1616 633 1673 PRAEFATIO
652 1615 693 1672 In
711 1614 837 1672 Pnosn.

190 1740 263 1810 Soio
282 1745 451 1811 uersiculis
469 1747 550 1811 meis
570 1745 712 1828 euenire,
730 1748 769 1809 nt
785 1743 953 1809 fastidiose
972 1743 1139 1827 legantur:

124 1832 244 1919 quippo
278 1832 325 1900 sio
357 1835 509 1900 meritum
541 1840 593 1900 est
620 1856 740 1899 eorum.
786 1832 842 1898 sed
870 1833 1027 1918 quosdam
1056 1833 1141 1898 solet

123 1921 349 1987 commendare
377 1923 515 1988 materia
542 1928 575 1988 et
597 1924 794 2008 aliquotiens
821 1922 961 1987 fumasse
983 1921 1138 1987 lectorem

124 2010 231 2075 solum
253 2011 374 2076 lemma
397 2012 554 2078 sollicitat
576 2013 679 2096 tituli,
701 2015 740 2077 ut
762 2011 941 2076 festiuitate
963 2031 1138 2094 persuasus

124 2102 158 2164 et
180 2099 337 2184 ineptiam
365 2100 450 2164 ferre
478 2104 649 2166 contentus
677 2102 728 2166 sit
773 2100 836 2165 hoo
859 2099 1050 2185 opuseulum
1078 2115 1174 2164 nece

124 2189 261 2251 materia
275 2209 446 2252 amoenum
461 2194 512 2254 est
526 2211 586 2255 neo
599 2189 817 2274 appellatione
831 2188 1015 2254 iucundum.
1038 2187 1139 2252 habet

123 2279 284 2340 maestam
302 2276 504 2362 religionem,
523 2301 588 2364 qua
604 2300 752 2344 carorum
768 2299 911 2342 meorum
927 2277 1037 2342 obitus
1051 2277 1139 2342 tristi

124 2363 307 2430 adfectione
330 2387 557 2433 commemoro.
597 2368 713 2433 titulus
740 2367 843 2432 libelli
871 2369 921 2431 est
943 2365 1140 2431 Parentalia.

124 2452 279 2538 antiquae
303 2455 533 2540 appellationis
556 2456 610 2521 hie
633 2456 700 2521 dies
724 2460 757 2521 et
780 2457 846 2521 iam
869 2455 944 2519 inde
967 2454 1009 2519 ab
1029 2453 1139 2519 Numa

124 2546 339 2628 cognatorum
362 2544 488 2609 inferiis
512 2546 695 2611 institutus:
718 2566 777 2610 neo
798 2544 974 2629 quidquam
993 2542 1137 2608 sanetius
1159 2558 1193 2607 10

122 2629 223 2697 habet
245 2635 427 2698 reuerentia
450 2634 677 2719 superstitum,
702 2655 799 2718 quam
822 2637 860 2698 ut
882 2633 1020 2698 amissos
1042 2653 1139 2697 uene·

122 2719 272 2785 rabiliter
294 2722 489 2788 recordetur.

72 2929 129 2979 [reo]
261 2909 351 2965 ITEM
368 2910 576 2970 PRAEFATIO
595 2912 773 2969 VERSIBUS
791 2911 999 2969 ADNOTA'I'A.

121 3033 266 3101 Nomina
289 3059 436 3104 carorum
460 3041 525 3105 iam
549 3041 681 3106 condita
703 3041 815 3106 funere
838 3042 939 3121 iusto,

167 3122 264 3190 Flete
286 3128 376 3212 prius
400 3129 557 3214 lacrimis,
579 3152 665 3195 nuno
688 3129 876 3195 memorabo
900 3129 1020 3214 modis,

119 3209 232 3297 Nuda,
256 3215 325 3280 sine
349 3221 466 3283 ornatu
488 3218 643 3304 fandique
667 3220 811 3284 carentia
834 3219 936 3284 cultu:

167 3299 296 3370 Sufficit
320 3306 444 3371 inferiis
468 3309 644 3392 exequialis
666 3307 781 3373 honos.

121 3428 188 3437 —-

83 3478 113 3531 V
192 3481 292 3533 monna
310 3499 476 3535 sannarum
494 3499 632 3536 nmrmran
649 3486 697 3537 ete.
717 3479 744 3535 V
796 3488 809 3535 1
826 3481 996 3551 regnaturo
1011 3483 1059 3549 al.)
1079 3481 1106 3535 V

122 3549 306 3605 talieotiens
325 3553 351 3618 (o
369 3553 401 3605 in
421 3568 438 3619 q
457 3553 505 3620 al.)
530 3552 557 3606 V
616 3558 739 3623 4mar9.
758 3532 780 3624 Χ
800 3552 826 3606 V
878 3552 1063 3608 suffectione
1088 3552 1138 3656 V¹

120 3651 212 3709 liuelli
236 3654 272 3708 V¹
348 3633 477 3725 9antici⁸
495 3658 524 3743 (a
542 3659 591 3729 ol.)
615 3659 641 3713 V
705 3663 737 3713 10
756 3656 908 3728 quiequam
933 3658 959 3712 V
1019 3665 1051 3714 11
1072 3660 1141 3716 abet

126 3740 164 3794 V¹
186 3744 191 3810 Ι
214 3744 385 3798 reuerentia:
406 3761 423 3798 a
441 3762 475 3801 ea
494 3753 532 3801 a?
558 3746 606 3815 Vl
628 3746 828 3802 uenerauiliter
851 3747 886 3801 V¹

192 3849 331 3888 varamus:
360 3851 385 3886 si
407 3851 441 3890 ea
464 3855 489 3889 cr
514 3834 541 3888 V
609 3841 840 3907 ατη-411031
863 3842 942 3892 5-8
965 3841 1139 3910 anteposuit

120 3901 249 3958 Braodea
320 3909 427 3960 Anum
446 3909 472 3975 (o
490 3905 590 3976 al.)V
