2430 4274
330 575 691 649 ’-255-

104 740 168 807 Vel
190 761 286 806 mane
308 744 401 806 tenta
422 741 566 807 roscido:

59 829 160 896 Tales
183 829 329 895 hibernis
354 829 395 896 ad
417 833 451 894 te
474 830 513 894 da
536 830 702 915 saepibus,
727 829 819 915 ipsos

105 917 187 1004 Capi
210 919 371 1004 uolentes,
394 917 543 983 misimus

57 1006 118 1072 Bis
142 1008 251 1073 denos.
287 1011 338 1072 tot
360 1007 447 1072 enim
471 1028 602 1091 crepero
626 1008 686 1073 sub
710 1008 792 1074 lueis
816 1029 894 1073 eoae

104 1095 264 1178 Praeceps
287 1096 417 1162 uolatus
440 1095 560 1160 intulit
1042 1114 1076 1165 to

59 1184 143 1249 Tum
149 1234 159 1268 ‚
182 1206 263 1268 quas
286 1185 413 1249 uicinae
437 1185 602 1269 suggessit
623 1184 744 1268 praeda
766 1184 916 1272 lacunae,

92 1273 222 1338 ¹Aisites
245 1273 383 1338 maritas
405 1273 581 1356 iunxnmus,

58 1360 269 1446 Remipedes,
287 1360 362 1426 lato
384 1360 580 1446 populantes
603 1361 733 1428 caerula
754 1365 862 1428 rostro

103 1448 150 1514 ut
173 1470 265 1516 crure
288 1449 404 1514 rubras
427 1448 564 1528 Punico,

58 1537 200 1605 iricolor
220 1538 314 1603 uario
336 1537 443 1623 pinxit
465 1559 546 1622 quas
568 1539 680 1624 pluma
705 1540 826 1625 colore,
1040 1558 1073 1607 11

105 1624 235 1710 Collum
259 1626 419 1692 columbis
443 1627 595 1692 aemulas.

58 1714 244 1780 Defrudata
266 1736 358 1781 meae
380 1736 448 1781 non
471 1719 549 1780 sunt
570 1717 650 1781 haec
672 1715 797 1781 fercula
820 1737 964 1784 mensae:

106 1802 268 1870 Vescente
289 1807 323 1869 to
344 1803 484 1871 fruimur
507 1805 623 1889 magis.

221 1890 303 1958 Vale
327 1893 422 1974 bene,
445 1895 483 1958 ut
505 1894 642 1958 ualeam.

10 2120 101 2162 IVIIII
117 2119 164 2171 [³90
173 2121 239 2170 Epa]

159 2187 343 2245 AVSONIVS
362 2188 412 2244 AD
431 2189 581 2245 PATREM
598 2190 647 2245 nn
667 2191 852 2248 SVSCIIPI'O
871 2192 976 2248 FILIO.
1038 2262 1041 2269 Ι

59 2314 268 2381 Credideram
291 2317 339 2380 nil
361 2338 459 2401 posse
482 2319 563 2383 meis
587 2319 768 2385 adfectibus
792 2319 881 2398 addi,

106 2401 190 2488 Quo,
213 2405 393 2471 uenerande
415 2410 522 2490 pater,
546 2406 717 2490 diligerere
742 2408 856 2492 magis.

58 2493 208 2558 Accessit
230 2491 355 2580 (grates
379 2495 502 2578 superis
527 2494 698 2579 medioque
720 2496 847 2580 nepoti,

104 2581 191 2647 Bina
213 2583 302 2647 dedit
324 2584 445 2648 nostris
469 2584 524 2666 qui
549 2585 627 2669 iuga
649 2583 850 2669 nominibus)
1058 2600 1074 2648 4

58 2670 208 2735 Accessit
230 2671 359 2755 titulus,
384 2675 443 2737 tua
465 2693 529 2755 quo
552 2673 735 2737 reuerentia
758 2677 896 2755 crescat,
1056 2687 1073 2737 e

105 2757 176 2834 Quo
200 2759 332 2825 doceam
356 2763 484 2842 natum,
507 2760 584 2844 quid
607 2761 652 2826 sit
675 2783 784 2826 amare
807 2766 942 2845 patrem.
1040 2776 1073 2826 ιο

57 2846 134 2930 Ipse
157 2868 259 2932 nepos
283 2853 316 2914 te
338 2848 418 2914 fecit
440 2871 547 2915 auum.
584 2849 665 2915 mihi
688 2850 775 2916 filius
798 2850 883 2915 idem
1058 2865 1074 2915 1

103 2934 150 3000 Et
172 2937 235 3001 tibi
259 2959 333 3022 ego:
356 2937 420 3002 hoc
442 2942 520 3002 nato
543 2959 605 3003 nos
628 2961 739 3005 sumus
763 2939 859 3005 ambo
883 2942 1003 3023 patres.

58 3022 131 3090 Nec
154 3024 220 3090 iam
244 3026 315 3090 sola
338 3024 419 3090 mihi
442 3026 547 3111 pietas
570 3049 644 3091 mea
666 3027 780 3093 suadet
802 3050 958 3094 amorem:

104 3110 246 3178 Nomine
268 3117 301 3178 te
325 3115 447 3199 gemini
470 3113 535 3179 iam
559 3116 716 3199 genitoris
740 3138 823 3181 amo.
1057 3131 1074 3182 8

70 3276 87 3282 -
104 3276 273 3283 -——--.-...

133 3364 164 3413 11
184 3359 302 3443 lacunep
321 3359 380 3428 (ait.
400 3375 416 3432 p
435 3359 471 3441 ol.
489 3375 525 3414 m.
544 3364 576 3414 ut
594 3361 663 3444 oid.)
688 3360 715 3414 V
729 3359 830 3415 laeuus
843 3359 892 3444 V¹
948 3366 980 3415 12
1000 3362 1073 3445 asne·

56 3432 102 3484 tes
121 3427 147 3482 V
160 3445 230 3485 corr.
240 3429 339 3500 Paper
354 3435 358 3495 1
375 3432 503 3484 maritam
524 3447 541 3485 a
560 3432 606 3486 alt.
622 3448 655 3486 m
667 3448 723 3486 roo.
738 3430 766 3486 V
780 3447 904 3486 mannas
918 3431 1052 3488 Heinsius
1068 3435 1072 3503 Ι

56 3498 265 3555 iuncximnsV
338 3505 371 3555 11
389 3499 477 3571 pinxit
501 3501 527 3554 V
540 3504 545 3569 Ι
560 3517 646 3571 pumo
670 3502 697 3556 V
712 3519 781 3558 corr.
801 3502 902 3558 Oonter
974 3509 1007 3558 17
1026 3503 1073 3558 de·

55 3571 180 3627 brudata
203 3571 230 3624 V
245 3586 314 3628 corr.
334 3571 457 3641 Scaliger
475 3575 505 3640 2,
517 3576 554 3628 21
628 3578 660 3627 19
680 3578 749 3628 siant
772 3571 798 3628 V

130 3658 236 3715 XVIIII
263 3677 369 3730 suscep.
399 3660 426 3714 V
497 3666 510 3714 1
540 3660 686 3717 affectibus
714 3661 740 3715 V
810 3667 826 3718 2
850 3662 924 3732 quod
953 3663 980 3717 V
1003 3679 1072 3718 corr.
1103 3654 1134 3711 V

55 3729 190 3802 Drcpdaa.
214 3734 219 3800 Ι
244 3731 406 3803 diligerere:
426 3748 457 3786 re
475 3732 523 3787 alt.
542 3735 575 3787 in
592 3750 646 3789 raa.
672 3731 699 3787 V
767 3733 892 3804 3gratis
914 3734 940 3789 V
961 3737 966 3803 Ι
991 3749 1075 3802 super

54 3801 101 3858 his
126 3801 154 3857 V
179 3818 249 3859 corr.
269 3802 429 3859 Gronouiua
500 3803 620 3859 lbina:
644 3805 711 3859 bia
729 3821 783 3860 roa.
803 3807 840 3862 al.
865 3804 891 3859 V
961 3810 1021 3858 tet
1040 3808 1074 3858 10

53 3874 302 4001 hymmum&
320 3872 449 3930 Brandea
505 3879 538 3928 10
557 3874 624 3943 quid
640 3875 783 3931 Pulmone
801 3874 921 3945 quodV
973 3873 1074 3928 tmiei

143 3952 246 4000 'tmrer
