2430 4274
498 566 708 612 ..vl-.-

92 707 280 791 placebant:
317 707 345 771 si
378 728 459 791 quae
494 729 610 791 parum
638 711 807 771 emendata
839 707 942 771 inuito
975 709 1106 772 auctore

93 795 352 879 subriperentur,
385 799 422 860 ut
451 793 544 860 Auiti
576 796 720 862 carmina
749 794 828 881 (qua
856 796 894 860 dc
922 816 957 859 re
985 795 1037 880 egi
1066 795 1107 859 ad

92 884 228 949 Auitum
261 907 291 969 p.
322 882 395 971 Ll),
432 889 470 948 ut
507 883 667 969 Griphus,
705 890 879 968 antequam
912 882 1106 968 Symmacho

92 973 278 1038 mitteretur
296 973 351 1057 (cf.
370 972 457 1037 infra
475 997 504 1058 p.
527 974 599 1056 197,
619 970 690 1059 16),
709 995 746 1038 ea
764 995 830 1038 non
849 978 1000 1058 poterant
1019 973 1106 1037 edita

92 1061 169 1144 dici,
193 1061 322 1126 etiamsi
345 1061 497 1126 omnibus
521 1063 745 1126 innotuissent.

159 1148 237 1215 Non
250 1151 351 1234 igitur
366 1151 478 1215 statim
494 1150 549 1215 ubi
563 1151 597 1215 in
609 1151 739 1216 chartas
755 1151 892 1216 coniecit
906 1172 1034 1215 carmen
1049 1151 1106 1215 ali-

92 1238 177 1322 quod
196 1239 410 1323 recitauitque
429 1238 646 1304 familiaribus
665 1240 845 1323 Ausonius,
863 1240 959 1303 simul
975 1238 1105 1303 edidit.

92 1327 251 1410 quaedam
279 1328 389 1392 multis
426 1331 503 1411 post
530 1328 624 1392 annis
653 1328 783 1393 demum
816 1327 1016 1411 emendauit,
1049 1328 1105 1392 ab·

91 1415 200 1499 soluit,
224 1417 360 1481 notariis
384 1415 482 1501 dedit,
504 1416 698 1501 publicauit,
722 1418 813 1482 uelut
836 1415 1011 1500 Griphum,
1034 1415 1103 1480 Bis·

91 1503 210 1588 sulam,
241 1503 434 1587 Centonem,
464 1508 501 1570 ut
528 1527 594 1570 non
623 1505 736 1577 dicam.
756 1506 871 1587 libros,
899 1505 955 1588 qui
983 1505 1105 1570 sensim

90 1593 204 1657 multis
214 1615 287 1658 cum
302 1597 549 1660 contexerentur
563 1594 760 1660 carminibus
775 1593 925 1678 deinceps
940 1592 1036 1676 natis,
1051 1592 1105 1657 diu

89 1681 124 1746 in
138 1682 265 1746 scriniis
280 1683 453 1767 latuerunt,
473 1683 572 1748 donec
587 1704 660 1748 sera
674 1683 843 1748 adderetur
858 1683 995 1760 coronis,
1015 1682 1105 1746 uelut

88 1768 287 1856 Eclogarum
297 1771 380 1837 liber
389 1775 487 1857 atque
497 1771 745 1858 Epigrammata
756 1771 905 1856 inprimis
914 1770 1105 1854 posteriora.
1189 1833 1196 1848 ,

89 1858 249 1942 quaedam
269 1882 346 1926 uero
366 1860 432 1925 iam
452 1861 506 1926 diu
526 1864 650 1926 secreta
668 1861 799 1946 quidem
819 1857 870 1946 (ut
884 1857 1029 1944 ait‘ipse)
1049 1859 1104 1923 sed

88 1947 179 2033 uulgi
204 1948 343 2014 lectione
362 1950 513 2032 lacerata,
535 1951 656 2034 quippe
679 1971 761 2033 quae
785 1949 928 2014 nondum
953 1946 1105 2012 absoluta

89 2057 162 2101 cum
177 2041 294 2121 essent,
312 2037 415 2102 inuito
430 2041 561 2102 auctore
576 2039 657 2102 alter
672 2038 766 2102 alteri
786 2036 1014 2119 commodaret,
1033 2040 1104 2100 tan-

88 2123 161 2189 dem
190 2125 363 2209 aliquando
391 2126 426 2189 in
450 2147 563 2190 manus
592 2127 770 2191 amicorum
798 2128 968 2207 uenerunt,
996 2123 1028 2188 id
1054 2127 1104 2189 est

88 2211 253 2298 adscripta
284 2214 353 2279 siue
388 2215 468 2279 certi
503 2214 638 2279 alicuius
670 2214 843 2279 familiaris
877 2213 1002 2278 nomini
1034 2213 1104 2277 siue

87 2301 201 2367 lectori
225 2324 283 2366 suo
308 2302 395 2368 edita
420 2311 495 2368 sunt
518 2307 615 2387 atque
639 2303 700 2367 rite
723 2302 868 2388 uulgata,
891 2302 983 2366 uelut
1007 2323 1103 2385 quem

87 2390 183 2455 modo
207 2390 346 2456 diximus
371 2389 539 2476 Griphum.

176 2477 246 2544 Nec
268 2484 377 2545 temen
400 2480 435 2544 in
459 2480 609 2545 omnibus
632 2479 719 2544 hunc
742 2479 856 2545 edendi
879 2479 1011 2545 modum
1036 2499 1103 2542 ser·

87 2569 178 2633 uauit
196 2568 369 2635 Ausonius.
405 2591 483 2634 sane
502 2568 674 2634 Mosellam
693 2568 783 2634 urbis
803 2567 994 2633 Treuericae
1013 2565 1102 2631 laudi

87 2661 320 2741 consecratum,
344 2662 512 2742 tamquam
530 2657 689 2742 Augustis
708 2658 796 2742 patri
818 2658 951 2741 filioque
975 2677 1102 2721 sacrum

87 2745 186 2809 etiam
201 2746 270 2810 sine
289 2747 490 2830 praefatione
511 2744 624 2832 (quam
643 2750 754 2810 tamen
772 2746 926 2810 amissam
946 2743 1102 2827 conicias)

86 2853 152 2899 non
163 2833 352 2898 mirabimur
362 2834 411 2899 ita
421 2834 585 2918 emissum,
599 2837 636 2899 ut
646 2838 818 2918 spargeret
829 2833 887 2898 ille
897 2832 1103 2916 exemplaria,

85 2919 120 2986 id
139 2925 189 2986 est
208 2922 320 2987 multis
340 2921 500 3006 mitteret,
523 2922 608 2987 inter
627 2941 708 3006 quos
729 2921 816 3004 quod
834 2943 899 2986 non
918 2921 989 3002 fixit,
1009 2918 1102 3003 Sym·

87 3009 222 3089 machus
246 3011 367 3076 amicus
396 3011 581 3096 neglectum
611 3031 645 3074 se
672 3009 866 3095 queritur.*)
915 3009 993 3091 alia,
1021 3013 1103 3073 tam-

157 3201 183 3272 *)
201 3201 275 3258 iufra
288 3221 315 3273 p.
332 3207 392 3272 141,
407 3209 431 3258 9.
461 3200 585 3257 uoluisse
605 3202 701 3256 autem
719 3199 874 3256 Ausonium
894 3203 1018 3256 exortem
1042 3216 1102 3255 esse

87 3273 285 3342 Symmachum
304 3273 364 3328 eius
384 3272 514 3329 carminis
533 3276 563 3328 et
581 3271 660 3342 quasi
679 3270 859 3328 interdixisse
878 3273 904 3328 ei
923 3270 1042 3327 Mosella
1061 3274 1104 3340 (ut

88 3345 174 3415 paulo
193 3346 259 3413 post
276 3360 327 3415 per
344 3344 438 3400 iocum
456 3343 498 3400 ait
513 3342 706 3414 Symmachus)
720 3359 776 3398 non
791 3346 835 3398 est
853 3344 928 3412 quod
948 3343 1053 3399 credas.
1069 3373 1103 3382 —

86 3417 210 3470 ceterum
233 3414 318 3485 paulo
349 3418 414 3471 aute
437 3414 513 3484 quod
537 3415 609 3471 dixit
631 3413 828 3483 Symmachus:
859 3415 989 3485 „illoquii
1015 3413 1103 3469 nostri

86 3502 168 3554 uena,
187 3486 392 3555 quamdudum
407 3502 498 3554 neque
511 3486 597 3541 ullius
611 3485 752 3556 poematis
766 3485 810 3541 tui
824 3503 915 3555 neque
929 3483 1103 3556 pedestrium

86 3556 263 3613 uoluminum
285 3556 407 3613 lectione
430 3556 560 3625 iuuisti“,
589 3573 657 3612 caue
682 3555 827 3626 pedestria
850 3554 1007 3622 uolumina,
1031 3571 1103 3626 quae

86 3625 168 3683 nobis
194 3627 330 3698 perierint
357 3630 423 3684 ante
451 3645 476 3684 a
500 3633 566 3696 379,
594 3627 701 3697 scripta
726 3630 810 3699 putes
839 3628 874 3683 ab
902 3625 1040 3682 Ausonio:
1069 3626 1103 3681 de

87 3696 208 3754 aliorum
233 3701 379 3755 auctorum
406 3699 487 3754 libris
516 3696 726 3754 commodandis
753 3700 856 3755 rectius
884 3696 1046 3765 intelleges,
1074 3699 1104 3751 et

87 3768 278 3839 antiquorum,
297 3769 409 3852 qualem
429 3770 489 3841 ipse
505 3770 689 3840 Symmachus
704 3771 828 3825 Ausonio
842 3767 965 3823 Plinium
978 3767 1102 3833 miserat,

81 3840 118 3914 et
133 3855 206 3895 suae
226 3843 331 3896 aetatis
353 3841 558 3909 litteratorum,
581 3840 631 3909 qui
653 3857 725 3894 unus
750 3842 811 3895 erat
828 3840 941 3908 modus,
964 3856 1021 3907 quo
1039 3839 1101 3907 quis

61 3916 113 3951 ¹⁰1
130 3909 272 3973 temporis
290 3910 390 3965 studia
410 3911 574 3970 accuratius
592 3913 710 3985 poterat
728 3926 908 3985 cognoscere.
