2430 4274
478 559 518 572 ··
566 540 659 591 cxm
706 562 744 574 -·

175 681 318 734 mutatam
333 680 433 749 postea
441 680 580 762 conlegit3
593 681 643 737 sod
652 682 810 740 inmutatus
819 684 1005 745 dedicationis
1014 707 1106 747 exem·

172 749 255 822 plum
273 750 384 805 nnllam
402 752 488 808 extat
507 750 565 807 mci
584 768 669 823 snpra
686 771 714 824 p.
733 753 778 824 V).

76 867 102 908 e.
125 849 196 909 390
234 847 354 908 altera
395 849 652 925 opusculorum
688 849 982 914 Aneonianorum
1022 875 1103 918 oon-

174 936 289 997 leotio
321 935 526 997 Theodosio
549 937 715 1017 Augusto
743 939 863 1000 missa
893 944 995 1010 (Praaf.
1014 948 1103 1006 111112

172 1016 351 1099 'I'hwdoains
362 1018 445 1087 pater
458 1015 601 1073 Romam
613 1017 776 1101 appellatur
789 1038 815 1074 u.
830 1025 874 1088 21,
890 1021 957 1077 (leus
971 1041 998 1078 n.
1014 1029 1056 1079 15.
1068 1056 1102 1067 —

172 1106 202 1143 n.
220 1093 251 1144 9:
271 1088 393 1143 scribere
410 1104 457 1143 me
475 1090 620 1159 Augustus
637 1090 719 1145 iubet
736 1093 765 1146 et
782 1106 847 1147 moa
865 1092 991 1148 carmina
1008 1095 1102 1164 poscit

170 1174 297 1229 paener
390 1179 397 1226 ς
417 1177 443 1214 ιι.
464 1164 512 1214 1⁷:
531 1159 600 1229 quin
617 1159 704 1216 etiam
722 1177 780 1216 non
797 1162 873 1217 iussa
890 1166 993 1234 parant
1011 1180 1102 1221 erum·

171 1246 240 1301 pere
272 1228 309 1284 du
329 1247 377 1284 um
409 1229 545 1286 carmina:
578 1229 641 1299 quis
667 1230 741 1288 nolit
768 1230 893 1289 Caesaris
921 1249 984 1290 asse
1010 1235 1102 1293 liber?

173 1309 272 1389 igitur
284 1308 446 1369 Fastorum
460 1308 573 1369 librum
587 1311 619 1368 et
632 1307 808 1371 Gratiarum
821 1311 981 1372 Actionem
995 1317 1102 1376 auctor

171 1398 239 1475 ipse
261 1396 389 1458 exclusit
412 1400 458 1466 (cf.
477 1401 516 1457 ad
533 1419 559 1458 a.
578 1401 650 1467 983).

80 1499 147 1566 389
173 1504 252 1565 ante
271 1503 430 1565 aestatem
448 1497 634 1565 Paulinus
652 1499 829 1567 Barcinnm
848 1501 939 1584 abiit,
961 1503 1100 1570 uendere

170 1586 289 1671 incipit
319 1587 453 1672 praedia
485 1609 545 1654 sua
576 1610 679 1674 eoque
711 1589 746 1653 in
777 1588 895 1675 oppido
924 1589 1014 1676 degit
1040 1614 1100 1675 per

171 1697 275 1742 annos
298 1675 485 1743 390-393.

79 1783 171 1849 390?
184 1781 242 1871 (an
251 1787 328 1848 ante
337 1805 364 1849 a
375 1781 478 1866 389?)
493 1782 679 1848 Paulinus
693 1780 888 1868 Burdigalae
904 1783 1096 1868 baptizatus.

79 1888 146 1953 392
170 1886 475 1959 Valentinianus
494 1888 663 1974 Augustus
681 1909 739 1971 per
761 1888 981 1973 Arbogastem
999 1889 1098 1957 inter·

170 1977 384 2131 fectulsassopos.
402 1986 457 2041 VII
471 1992 514 2056 86,
531 1993 571 2042 10.
595 1985 736 2041 Ambrosii
755 1987 789 2041 de
809 1986 888 2041 obitu
902 1986 1096 2046 Valentiniani

171 2078 256 2118 conso
310 2081 344 2118 o.

79 2136 146 2202 393
169 2135 358 2203 Paulinus
381 2137 550 2221 presbyter
573 2137 704 2202 electus.

79 2225 146 2290 394
171 2227 268 2310 paulo
292 2231 369 2310 post
391 2226 459 2290 dies
483 2225 652 2309 paschales
676 2224 864 2292 Paulinus
887 2247 946 2310 per
968 2225 1095 2294 Gallius

171 2315 255 2379 abiit
277 2315 312 2378 in
334 2312 471 2379 Italiam.

78 2408 200 2468 intera
217 2410 281 2469 390
291 2410 396 2469 essee
411 2411 590 2484 quattuor
604 2407 788 2484 epistulae
803 2407 955 2466 Ausonius
969 2409 1096 2468 miserat

170 2497 214 2556 ad
246 2497 450 2557 Paulinum:
483 2514 574 2555 unam
606 2513 683 2571 quae
714 2513 776 2554 non
802 2495 889 2554 uenit
915 2495 947 2553 in
974 2495 1096 2554 Paulini

170 2605 286 2662 manus,
310 2586 437 2646 alteram
459 2603 535 2662 qnae
558 2587 729 2659 temporum
751 2582 862 2642 Iniuria
884 2582 969 2642 uobis
991 2587 1095 2659 erepta

169 2680 224 2753 est,
243 2676 364 2734 tertiam
384 2673 490 2733 deinde
510 2677 541 2732 et
562 2675 701 2750 quartam
719 2691 793 2748 epp.
813 2670 943 2731 XXVIII
963 2663 1091 2753 (XXIII)

168 2766 204 2823 et
227 2763 372 2822 XXVIIII
391 2756 518 2842 (XXV),
546 2762 586 2821 ad
613 2779 687 2838 quas
714 2761 837 2820 tandem
863 2761 915 2819 ille
938 2760 1087 2837 respoudit

169 2856 286 2912 aestate
320 2871 345 2912 a.
379 2853 443 2911 393
477 2869 527 2927 ep.
559 2849 658 2909 XXXI
694 2843 828 2928 (Paulini
866 2868 990 2926 operum
1026 2868 1086 2911 car·

167 2941 248 3000 mine
266 2935 322 3019 X)3
345 2940 482 3018 sequitur
505 2937 658 2998 Ausonii
681 2958 731 3014 ep.
749 2937 865 2998 XXVII
885 2931 1033 3018 (XXIIII)
1057 2958 1086 2998 er

166 3029 290 3089 Nouaro
305 3048 383 3106 pago
398 3029 511 3105 scripta
525 3030 570 3096 (ef.
585 3050 612 3086 u.
627 3037 660 3086 ‘19
676 3035 705 3086 et
719 3031 773 3100 93),
790 3027 828 3086 ad
842 3045 933 3104 quam
947 3026 1092 3086 Paulinus

167 3117 273 3178 eodem
291 3137 368 3178 anno
393 3120 462 3177 ante
487 3114 599 3176 Christi
621 3116 737 3175 natales
761 3115 916 3191 rescripsit
938 3134 987 3191 ep.
1009 3115 1093 3174 XXX

183 3226 285 3267 carm.
308 3206 374 3266 XI.

74 3200 254 3357 aee-§393
279 3199 473 3372 lipiitnlae
502 3293 545 3352 ad
568 3292 746 3353 Thoonem
770 3292 842 3350 XVI
865 3295 900 3351 et
921 3291 1022 3368 XVII,
1048 3293 1090 3350 in-

165 3384 313 3444 ultatoria
331 3388 468 3461 utraque,
487 3381 615 3441 Axium
634 3381 786 3441 Paulum
803 3380 935 3439 IIII-X
955 3384 1000 3451 (cf.
1016 3384 1043 3438 V
1056 3391 1091 3440 40

167 3464 292 3521 Promoti
316 3463 394 3520 ducis
419 3496 452 3504 -
477 3480 520 3533 ep.
540 3461 593 3515 1111
617 3463 646 3515 et
664 3461 727 3515 XVI
751 3463 849 3518 eodem
873 3478 946 3516 anno
970 3461 1091 3530 scriptae

164 3549 309 3604 uidentur:
337 3549 390 3603 IIII
414 3555 438 3603 5.
464 3544 625 3602 10=XVl
649 3552 691 3600 35.
711 3545 778 3615 aa),
807 3538 1021 3600 Tetradium
1048 3538 1092 3597 XI

166 3638 212 3702 (cf.
232 3657 259 3692 u.
280 3645 312 3693 11
331 3642 361 3693 et
379 3636 514 3707 Iteqq.);
546 3649 636 3707 porro
664 3629 702 3688 ad
725 3629 941 3707 HesperIum
969 3626 1090 3685 filium

165 3721 269 3782 XVIII
297 3726 342 3789 (ex
364 3725 461 3780 multis
479 3724 597 3779 metrica
615 3726 726 3777 tantum
745 3723 877 3793 epistolia
894 3727 1009 3789 recepta
1027 3724 1092 3773 sunt

160 3805 365 3937 Iltissihulhmht
386 3879 498 3937 Certo
526 3880 632 3942 eodem
661 3900 742 3948 anno
772 3885 813 3950 ad
835 3882 975 3950 Paulum
998 3877 1112 3952 missa„

105 3982 237 4016 Arrotm.
868 3998 891 4056 h
