2430 4274
480 556 719 621 -237-

134 715 198 792 Qui
219 715 295 780 felle
318 735 448 781 carmen
471 714 570 800 atque
591 715 687 781 melle
711 720 896 801 temperans
1091 734 1107 785 o

180 803 325 888 Torpere
348 826 458 869 musas
481 825 549 870 non
573 804 652 869 sinis

135 891 326 977 Pariterque
349 892 455 978 fucas,
478 913 623 979 quaeque
646 897 744 978 gustu
765 893 888 978 ignaua
911 898 1000 977 aunt,

179 981 226 1047 Et
249 1002 332 1067 quac
355 1002 469 1066 sapore
492 981 619 1046 tristia:

134 1068 244 1135 Rudas
267 1091 418 1135 camenas
442 1070 498 1154 qui
522 1068 659 1135 Suessae
681 1071 851 1154 praeuenis

180 1157 337 1243 Aeuoque
361 1157 462 1238 cedis,
485 1180 552 1223 non
574 1159 666 1225 stilot

135 1243 201 1313 Cur
224 1269 275 1313 me
298 1247 517 1333 propinquum
541 1244 952 1314 Santonorum'moenibua

180 1335 346 1418 Declinas,
369 1338 407 1400 ut
428 1334 533 1401 Lucas
556 1336 656 1402 boues

136 1422 225 1489 Olim
248 1427 415 1509 resumpto
438 1422 641 1509 praeferoces
664 1423 789 1510 proelio

182 1511 281 1598 Fugit
303 1513 456 1578 iuuentus
480 1511 642 1577 Romula?

135 1598 212 1666 Non
235 1606 272 1666 ut
294 1601 389 1686 tigris
412 1607 460 1685 te,
483 1622 549 1666 non
572 1601 676 1666 leonis
700 1602 838 1687 impetu,

180 1688 302 1755 Amore
325 1690 382 1754 sed
405 1711 480 1756 caro
503 1693 628 1774 expeto.

136 1776 258 1842 Videre
283 1778 404 1843 alumni
428 1779 534 1863 gestio
557 1779 669 1843 uultus
693 1778 758 1844 mei

181 1865 227 1931 Et
249 1866 358 1932 indole
381 1870 497 1951 optata
518 1867 593 1931 frui.

137 1953 265 2019 Inuitus
289 1956 367 2020 olim
391 1954 546 2021 deuoraui
569 1954 736 2022 absentiae

182 2042 421 2109 Necessitatem
443 2044 615 2128 pristinae,

139 2130 310 2208 Quondam
333 2133 471 2198 docendi
493 2153 626 2197 munere
650 2132 839 2198 adstrictum
863 2135 958 2219 graui

182 2219 338 2285 Iculisma
361 2243 434 2286 cum
457 2225 491 2286 te
514 2220 737 2308 absconderet,

138 2307 184 2373 Et
207 2309 393 2375 inuidebam
417 2308 511 2375 deuio
536 2331 573 2374 ac
597 2310 666 2374 solo
690 2311 762 2375 loco

185 2396 275 2483 Opus
299 2419 502 2463 camenarum
525 2399 601 2482 tegi.

137 2484 186 2549 At
206 2507 291 2551 nunc
312 2485 499 2572 frequentes
523 2488 620 2571 atque
643 2486 748 2551 claros
771 2507 831 2552 nec
854 2487 967 2572 procul

183 2572 266 2640 Cum
289 2575 404 2640 floreas
428 2576 512 2640 inter
534 2575 623 2639 uiros

138 2661 278 2747 'sibique
301 2668 431 2728 nostras
455 2667 571 2728 uentus
595 2684 691 2728 auras
714 2663 838 2728 deferat

184 2750 352 2836 Aureaque
376 2774 482 2818 sermo
506 2753 667 2818 uerberat:

139 2837 206 2904 Gur
229 2862 280 2905 mo
304 2842 420 2926 supino
444 2843 585 2925 pectoris
607 2840 697 2906 fastu
719 2843 847 2907 tumens

185 2926 317 3013 Spernis
339 2934 472 3015 poetam
495 2931 674 3014 consulem,
1077 2948 1111 2997 ³0

138 3016 264 3102 'Inique
288 3021 451 3083 amantem
476 3023 572 3103 teque
595 3020 766 3084 mirantem
790 3041 828 3085 ac
850 3023 908 3086 tua

186 3104 435 3173 Desiderantem
459 3107 602 3172 carmina

93 3250 310 3259 ᾑ-

169 3321 202 3371 12
222 3314 262 3372 ef.
280 3317 371 3372 Varro
391 3316 425 3370 de
444 3317 462 3372 l.
482 3317 501 3370 l.
520 3316 571 3371 VII
590 3322 624 3372 39

97 3565 124 3621 r
169 3495 320 3621 Ἡ,
334 3494 481 3620 imitat
501 3500 557 3619 M⁹
579 3509 726 3621 aaa
746 3493 817 3620 Tic
844 3497 1112 3622 anamiim

95 3636 188 3706 tygris
207 3636 233 3690 Τ
261 3585 281 3636 p
304 3643 337 3691 19
360 3582 523 3718 abiccntiaa
638 3643 670 3691 21
692 3635 828 3692 adstricto
847 3637 914 3691 TM
937 3568 1116 3693 aiiiiiictusi

95 3723 166 3762 corr.
196 3706 321 3780 Sccliper
392 3713 426 3761 22
453 3707 535 3762 icuhs
563 3708 636 3762 nacci
656 3706 682 3760 Τ
706 3707 826 3763 iculisna
852 3709 961 3764 cumG
988 3709 1114 3764 eculisna

95 3795 161 3833 cum
183 3778 683 3850 Mcorr.Sealiper1abseondenv”
706 3777 732 3831 Τ
792 3786 827 3834 24
846 3796 1042 3836 camoenarum
1058 3780 1115 3836 Tc

133 3855 261 3904 tonnae
280 3850 498 3905 Acumincum
517 3850 544 3903 Z
604 3856 639 3904 29
659 3849 778 3920 sappino
792 3851 830 3909 M
842 3855 846 3920 Ι
862 3850 1017 3921 pectorcT
1079 3855 1114 3906 80

96 3921 186 3990 poeta
204 3919 287 3977 Setia
361 3926 396 3975 30
415 3919 575 3976 consulcT
644 3927 677 3976 31
696 3921 858 3994 mirantem]
879 3923 1021 3977 amantem
1041 3921 1068 3976 Τ
