2430 4274
521 534 761 631 -eis-

131 727 258 791 ratione
277 724 465 809 cernebant,
488 724 574 810 quod
592 724 807 789 meminerant
824 726 953 809 lectum,
970 725 1036 811 legi
1049 746 1146 809 posse
1160 745 1201 789 soc

132 818 322 880 metuentes.
363 811 440 897 quid
462 818 509 897 te,
533 813 711 898 imperator
729 813 891 899 Auguste,
915 813 1148 898 indulgentius,

132 903 210 988 quid
232 906 341 987 potest
364 922 434 967 esse
456 901 659 968 consultius?
683 923 764 986 quae
788 903 874 966 bona
897 906 1058 988 praestas,
1082 903 1146 968 effi·

131 993 192 1072 cia,
220 1012 260 1056 ne
283 989 403 1056 caduca
431 990 510 1055 sint:
540 1011 622 1075 quae
649 991 739 1055 mala
767 991 897 1075 adimis,
924 991 1083 1076 prospicis
1106 1013 1147 1056 ne

79 1098 113 1146 'ro
133 1081 261 1166 possint
279 1101 350 1145 esse
368 1078 519 1144 recidiua.
554 1078 635 1145 hace
652 1079 909 1163 prouincialibus
927 1079 1148 1164 indulgentiae

131 1169 227 1235 bona.
273 1167 351 1254 quid
378 1168 436 1232 illa
462 1171 575 1233 nostro
605 1167 734 1232 ordini?
767 1167 844 1252 quid
875 1168 933 1232 illa
966 1167 1147 1233 militibus?
1160 1189 1201 1231 uo

132 1257 374 1323 Antoninorum
396 1256 525 1341 cognita
552 1255 616 1321 fuit
639 1260 672 1320 et
693 1256 759 1321 iam
783 1261 858 1322 ante
881 1255 1147 1322 Germanicorum

131 1347 165 1412 in
189 1346 322 1411 cohorte
345 1345 522 1409 amicorum
546 1347 579 1409 et
601 1344 785 1429 legionibus
808 1345 977 1410 familiaris
1000 1345 1148 1412 humani·

130 1439 193 1500 tas.
230 1433 287 1499 sed
310 1454 370 1518 ego
393 1433 470 1498 nolo
493 1433 753 1499 beneuolentiam
776 1436 868 1498 tuam
891 1434 1027 1499 aliorum
1050 1434 1147 1499 colla-

77 1540 141 1580 11111
167 1525 257 1588 tione
275 1521 479 1606 praecellere.
509 1522 677 1586 abundant
694 1522 729 1585 in
748 1526 780 1587 te
800 1545 839 1587 ea
856 1522 1013 1588 bonitatis
1034 1528 1066 1587 et
1083 1523 1148 1588 uir·

130 1612 213 1677 tutis
246 1610 407 1695 exempla,
440 1631 521 1695 quae
550 1610 641 1694 sequi
672 1611 781 1694 cupiat
809 1615 947 1676 uentura
973 1612 1147 1695 posteritas
1161 1633 1201 1676 ua

130 1705 179 1784 et,
207 1698 236 1764 si
259 1721 366 1764 rerum
389 1701 507 1763 natura
529 1702 711 1783 pateretur,
741 1698 881 1764 adscribi
905 1699 967 1765 sibi
990 1699 1149 1764 uoluisset

131 1787 324 1873 antiquitas..

199 1874 305 1941 XVII.
336 1874 477 1941 Necesse
509 1879 559 1939 est
587 1880 698 1940 tamen
731 1875 852 1960 aliquid
884 1874 1080 1960 comparari,
1111 1878 1149 1940 ut

77 1982 109 2032 16
130 1965 239 2050 possit
265 1964 428 2049 intellegi,
460 1965 547 2029 bona
573 1968 687 2046 nostra
715 1987 778 2050 quo
806 1968 980 2050 praestent.
1025 1962 1148 2050 Aegro

129 2059 239 2119 tentes
258 2054 380 2118 amicos
401 2052 561 2117 Traianus
580 2053 684 2117 uisere
704 2053 845 2119 solebat:
870 2052 1027 2118 hactenus
1051 2053 1086 2117 in
1109 2073 1146 2118 eo
1160 2075 1201 2116 sao

129 2142 269 2208 comitas
297 2141 515 2226 praedicanda
538 2144 596 2206 est.
642 2145 678 2205 tu
701 2145 734 2206 et
756 2143 861 2206 uisere
885 2141 1002 2207 solitus
1026 2147 1060 2207 et
1083 2162 1148 2206 me-

130 2232 200 2296 deri
218 2230 356 2315 praebes
378 2230 558 2313 ministros,
581 2231 715 2294 instruis
735 2231 837 2316 cibos,
855 2230 1000 2296 fomenta
1019 2230 1148 2315 diapen-

131 2343 199 2402 sas,
223 2323 389 2402 sumptum
414 2318 514 2384 adicis
538 2318 748 2384 medellarum
754 2319 766 2403 ,'
793 2319 971 2385 consolaris
996 2318 1149 2397 adfectos,

129 2408 406 2473 recalescentibus
436 2407 621 2492 gratularis.
666 2409 805 2492 inquot
831 2407 902 2472 uias
928 2408 967 2471 de
992 2428 1055 2471 una
1079 2407 1148 2471 eins

77 2512 108 2562 ru
130 2497 334 2561 humanitate
370 2496 590 2580 progrederis!
627 2496 811 2580 legionibus
843 2495 1016 2578 uniuersis,
1048 2499 1084 2559 ut
1115 2495 1149 2558 in
1164 2519 1203 2561 see

129 2586 294 2651 communi
313 2583 420 2648 Marte
439 2584 560 2664 euenit,
585 2583 613 2648 si
637 2583 714 2667 quid
738 2583 866 2648 aduersi
885 2583 1058 2666 acciderat,
1082 2581 1149 2648 uidi

127 2679 162 2739 te
182 2673 354 2738 circumire
373 2673 527 2756 tentoria,
546 2671 645 2736 ‘satin
661 2671 807 2737 saluae?
827 2693 989 2756 quaerere,
1007 2674 1149 2736 tractare

203 2888 255 2936 619
280 2880 561 2950 cf‚Eutrop.V1114
581 2881 686 2937 amicos
706 2880 849 2938 salutandi
868 2898 952 2938 causa
969 2883 1150 2950 frequentans

127 2952 177 3008 nel
197 2955 388 3023 aegrotantes.

127 3149 182 3217 tia)
205 3147 230 3201 T
246 3163 309 3201 cum
328 3147 440 3201 inmitia
458 3147 492 3200 de
511 3147 601 3201 ratioe
617 3145 642 3201 G
661 3163 724 3200 cum
743 3147 857 3202 uiuacis
874 3147 909 3202 de
927 3147 1036 3202 ratione
1056 3145 1113 3200 M?

127 3225 182 3274 606
202 3218 384 3273 adaeratione
408 3217 533 3286 Vesperies
556 3220 561 3285 Ι
585 3232 668 3286 posse
686 3220 844 3272 metuentes
862 3217 1017 3284 Budaeus,
1036 3219 1150 3287 possent

126 3293 159 3345 st
177 3293 289 3343 ueteres
309 3291 339 3358 (n
348 3305 395 3357 pr.
409 3291 455 3356 aa.)
474 3288 609 3357 Tposeeg
625 3306 642 3341 τ
656 3289 767 3342 ueteres
783 3289 820 3341 M
836 3305 919 3356 posse
938 3292 967 3343 et
983 3288 1093 3343 ueteres
1110 3288 1149 3344 G:

125 3362 240 3416 ueteres
263 3376 298 3414 ex
321 3362 421 3414 nentes
443 3359 514 3413 male
536 3359 669 3413 intellecto
693 3376 708 3412 c
797 3360 844 3413 dio
861 3364 973 3425 notum
1000 3361 1030 3413 et
1052 3358 1150 3428 (etiam

126 3431 293 3498 Acidaliae,
316 3431 403 3485 etiam
421 3431 489 3484 tunc
510 3430 584 3497 Tou,
604 3430 633 3483 et
650 3431 711 3483 tum
751 3430 856 3499 ctcnkl)
874 3430 1003 3484 uerentes
1022 3431 1114 3485 Aldus

127 3507 182 3558 609
201 3500 317 3556 recidua
337 3501 363 3554 Τ
388 3501 515 3556 recidiua
533 3500 559 3555 G
586 3500 714 3554 rediuiua
733 3500 771 3554 M
841 3507 893 3556 610
912 3502 1019 3573 nostro]
1042 3503 1093 3557 uic
1114 3502 1152 3555 M

164 3577 217 3628 511
233 3588 266 3627 co
288 3571 349 3626 nita
359 3572 460 3641 Pciper
479 3571 597 3626 comitas
608 3571 634 3624 Z
648 3576 653 3639 Ι
669 3573 735 3626 ante
754 3571 870 3626 Scitanti
887 3572 953 3627 inde
968 3573 995 3626 Z
1049 3578 1101 3628 612
1119 3573 1149 3625 in

124 3642 245 3700 cohorte
299 3643 380 3697 boeti
397 3642 426 3696 in
446 3658 496 3698 orn.
510 3642 538 3695 Z
589 3648 643 3696 614
661 3641 813 3711 percellere
832 3642 921 3714 Tetti
943 3644 1110 3699 habundant
1125 3642 1152 3695 Z

163 3719 217 3769 616
236 3712 329 3784 sequi]
349 3714 431 3782 siqua
450 3714 488 3766 M
541 3718 593 3768 616
613 3713 730 3767 asscribi
752 3714 777 3767 Τ

199 3782 275 3838 xvir
297 3788 349 3839 619
367 3783 493 3854 intelligi
511 3784 537 3837 Z
599 3789 651 3839 620
669 3785 803 3854 trayanus
823 3786 860 3838 M
919 3791 971 3840 626
991 3783 1090 3838 adiicis
1108 3783 1146 3868 f]

119 3855 301 3913 medelarum
314 3855 376 3909 TM
387 3859 391 3918 l
408 3855 534 3910 adfectos
559 3854 597 3908 M
648 3859 700 3909 624
715 3855 797 3927 quot]
812 3855 937 3924 quodM
989 3861 1041 3910 626
1055 3856 1145 3909 marte

120 3927 164 3984 M
235 3931 286 4005 627
306 3926 393 3999 satin]
412 3925 494 3982 satiri
