2430 4274
472 553 710 619 —173-

79 713 154 780 Hoc
175 735 236 779 nos
260 733 391 777 monere
413 711 588 777 faeneratis
612 733 679 777 non
702 712 817 797 placet.

127 801 218 886 Dixi,
239 801 401 883 recedam3
425 800 540 886 legifer
562 801 653 865 uenit
675 797 784 867 Solon.

26 995 81 1039 1111
96 997 154 1047 [sos]
532 973 659 1032 SOLON.

80 1085 131 1150 De
155 1104 245 1149 more
268 1080 392 1148 Graeco
416 1083 537 1167 prodeo
560 1085 595 1148 in
619 1103 770 1149 scaenam
794 1083 909 1167 Solon,

81 1171 214 1258 Septem
238 1172 422 1256 sapientum
444 1171 533 1236 fama
556 1173 608 1237 cui
632 1173 774 1257 palmam
798 1172 898 1256 dedit3

81 1260 141 1327 Set
163 1261 251 1325 fama
273 1280 341 1324 non
364 1264 415 1325 est
437 1260 548 1325 iudicii
573 1261 738 1326 seueritas.
1066 1276 1100 1326 78

81 1348 197 1434 Neque
225 1349 309 1412 enim
334 1369 406 1414 esse
428 1350 569 1434 primum
593 1371 657 1434 me,
679 1370 794 1415 uerum
817 1371 918 1415 uuum
939 1349 1102 1433 existimo,

83 1438 277 1522 Aequalitas
301 1437 387 1522 quod
410 1437 557 1503 ordinem
579 1438 684 1503 nescit
707 1440 785 1522 pati.
1088 1454 1102 1496 s

83 1527 184 1592 Recte
208 1526 287 1591 olim
310 1526 459 1610 ineptum
481 1525 658 1610 Delphicus
680 1527 786 1591 suasit
808 1527 888 1592 dens

82 1614 316 1698 Quaerentem,
338 1615 488 1699 quisnam
510 1615 635 1699 primus
657 1615 841 1700 sapientum
864 1615 963 1698 foret,

82 1703 132 1768 Vt
154 1704 190 1768 in
213 1701 290 1767 orbe
313 1703 410 1768 tereti
432 1704 601 1768 nominum
624 1706 748 1768 sertum
771 1703 905 1786 inderet,
1065 1718 1101 1768 80

83 1790 135 1856 Ne
159 1791 282 1876 primus
306 1795 405 1873 esset,
428 1813 470 1856 ne
493 1792 545 1857 uel
569 1792 654 1857 imus
677 1790 847 1877 quispiam.

83 1878 209 1945 Eorum
234 1880 380 1946 emedio
403 1880 525 1966 prodeo
549 1901 630 1965 gyro
654 1878 769 1963 Solon,
1076 1896 1102 1936 ιο

84 1967 147 2052 Vt,
170 1968 255 2052 qnod
280 1968 400 2033 dixisse
424 1967 543 2034 Croeso
568 1970 638 2054 regi
662 1970 845 2052 existimor,

85 2057 124 2121 Id
149 2057 254 2122 omnis
277 2057 446 2122 hominum
471 2063 560 2123 secta
582 2058 646 2122 sibi
670 2058 791 2123 dictum
814 2060 915 2143 putet

84 2144 207 2210 Graece
231 2152 380 2211 coactum
404 2150 467 2212 est:
492 2141 555 2230 ὅρα
576 2146 670 2224 τέλος
692 2147 822 2230 μακροῦ
847 2149 937 2229 βίους
1067 2160 1102 2210 ee

86 2233 180 2310 Quod
203 2234 332 2318 longius
358 2235 407 2318 fit,
431 2235 459 2298 si
483 2234 598 2300 Latine
622 2235 754 2300 dixeris:

87 2320 240 2406 Spectare
264 2323 351 2387 uitae
376 2323 471 2387 iubeo
495 2328 628 2388 cunctos
654 2324 836 2388 terminum.
1078 2337 1104 2377 1⁶

87 2411 225 2475 Proinde
249 2410 385 2476 miseros
409 2416 466 2476 aut
487 2412 601 2476 beatos
626 2412 730 2475 dicere

85 2497 201 2581 Enita,
224 2499 311 2583 quod
336 2505 412 2565 sunt
436 2521 563 2582 semper
586 2500 722 2582 ancipiti
745 2500 778 2564 in
804 2503 901 2562 statu.

85 2587 125 2653 Id
149 2587 229 2653 adeo
254 2589 300 2652 sic
323 2593 381 2652 est
419 2590 446 2652 si
470 2610 599 2673 queam,
622 2589 733 2672 paucis
757 2588 882 2671 loquar.
1068 2599 1103 2649 90

131 2675 213 2759 Rex,
238 2698 280 2740 an
303 2680 478 2760 tyrannus,
500 2677 626 2761 Lydiae
650 2675 787 2742 Croesus
811 2675 873 2740 fuit

158 2855 192 2905 71
210 2851 347 2906 funeratis
371 2850 399 2905 V
414 2850 549 2907 feneratis
568 2852 597 2906 P
650 2857 683 2906 72
702 2851 805 2906 Dixere
823 2847 939 2921 quidam
963 2845 1020 2903 VP
1035 2863 1104 2905 corr.

87 2921 163 2978 Secti
181 2937 210 2977 er
227 2926 255 2988 2,
274 2929 289 2977 1
306 2927 311 2991 Ι
327 2921 456 2994 legilflfer
474 2923 495 2988 (i
513 2928 538 2978 et
556 2921 617 2978 fin
635 2923 701 2992 rae.)
727 2921 771 2992 Vl
788 2920 874 2977 Solon
892 2921 968 2977 ruer.
992 2918 1020 2972 V
1070 2925 1105 2975 78

86 2993 128 3048 De
162 2939 327 3049 inarare
345 2995 445 3048 omissa
463 2993 509 3062 ΡΙ
525 3010 626 3050 scaena
650 2993 677 3047 V
692 3009 804 3049 scenam
825 2993 872 3062 ΡΙ
889 2992 968 3048 salon
987 2994 1010 3045 P
1072 2995 1106 3045 78

87 3065 131 3119 set
168 3062 195 3117 V
283 3070 317 3119 76
336 3081 426 3135 neque
451 3081 495 3119 me
519 3081 580 3120 esse
598 3065 719 3137 primum
737 3081 835 3120 uerum
853 3081 940 3118 unum
963 3060 1022 3117 VP
1036 3077 1105 3117 corr.

87 3134 185 3204 Perper
200 3137 206 3205 Ι
220 3151 319 3190 uerum
338 3136 439 3190 horum
457 3153 543 3190 unum
564 3137 729 3205 Mornnrsm,
753 3151 890 3190 necuere
910 3134 997 3188 imum
1016 3131 1105 3188 Heia-

83 3208 146 3262 eiss
222 3211 255 3261 77
276 3204 458 3275 Aaequalitas
484 3206 509 3260 V
584 3212 618 3262 78
636 3207 725 3262 holim
749 3206 798 3287 V}
821 3206 937 3260 deificus
956 3203 1001 3272 ΡΙ
1018 3202 1108 3258 suasit

133 3277 139 3290 '
158 3292 188 3331 er
205 3277 353 3346 (Heinsius
367 3283 386 3334 t.
400 3277 578 3346 Sctcakclio),
597 3277 639 3333 ait
657 3277 716 3332 VP
730 3278 814 3332 iussit
832 3276 956 3345 Soaiiper
1011 3280 1044 3330 79
1064 3289 1107 3328 aa·

109 3346 227 3403 'entium
242 3348 288 3416 ΡΙ
304 3349 397 3403 foraet
415 3348 453 3402 V¹
502 3355 537 3405 80
555 3348 652 3403 nemin
670 3348 714 3417 ΡΙ
730 3348 839 3403 inderet
852 3346 952 3416 Peiper
970 3345 1108 3405 incideret

85 3365 149 3473 i?
215 3423 250 3473 87
270 3420 369 3489 predio
389 3418 434 3487 ΡΙ
450 3419 512 3488 gire
531 3420 560 3475 P
575 3419 633 3474 ciro
658 3419 792 3486 V1¹0lon
811 3421 859 3487 (on
877 3433 912 3472 ec
931 3418 997 3487 unu)
1022 3416 1049 3471 V

87 3495 123 3545 83
143 3490 260 3546 dixisse:
279 3508 297 3543 x
316 3507 349 3546 ea
368 3497 399 3545 s?
422 3489 465 3560 Vl
486 3491 599 3546 crhoes⁰
623 3491 650 3543 V
666 3491 766 3560 chryso
785 3489 814 3544 P
901 3493 935 3544 84
954 3486 985 3541 id
1003 3487 1107 3560 omnis]

86 3561 124 3616 ad
143 3563 176 3614 ὦ
192 3561 240 3630 ΡΙ
262 3564 352 3617 sectas
371 3561 412 3616 ibi
430 3561 459 3617 P
531 3566 565 3618 88
590 3563 635 3616 est
652 3562 702 3617 del.
722 3560 844 3631 Scaiiper
862 3565 892 3627 2,
910 3565 925 3613 1
943 3561 947 3628 Ι
968 3575 1018 3618 ora
1035 3558 1108 3614 telos

89 3630 206 3686 rnechro
225 3635 254 3702 (a
272 3648 305 3687 ea·
324 3650 340 3688 o
358 3633 414 3703 pr.)
431 3632 480 3687 bin
504 3633 530 3686 V
552 3651 603 3689 cra
620 3635 696 3687 tesos
714 3636 781 3689 mat.
802 3635 845 3702 (ru
863 3631 911 3686 biu
930 3633 992 3700 om.)
1011 3628 1040 3684 P

89 3707 126 3758 88
145 3703 248 3758 dixeris
270 3703 393 3771 Vinctus,
412 3703 523 3759 dixeras
548 3705 574 3756 V
590 3705 711 3759 disseras
730 3704 759 3758 P
819 3709 854 3759 88
873 3702 967 3757 dicere
985 3700 1110 3771 &alipes

88 3778 120 3840 2,
138 3779 158 3830 2
178 3775 267 3830 dicier
287 3774 345 3830 VP
396 3779 430 3830 89
450 3777 552 3830 euenta
570 3775 615 3844 ΡΙ
631 3773 789 3844 anticipisti
809 3774 845 3828 V¹
864 3773 899 3842 (ti
913 3776 1009 3843 postea
1027 3773 1107 3838 ersa)

91 3843 96 3916 Ι
114 3845 146 3899 ίιι
163 3847 228 3902 cdd
245 3845 381 3901 Heinsius
398 3862 449 3901 om.
470 3841 543 3914 VP!
560 3848 665 3901 statum
684 3846 711 3900 V
763 3850 796 3901 el
816 3845 943 3902 tirannus
963 3840 1108 3911 Vllidiee

98 3914 124 3970 V
139 3916 223 3972 hodie
242 3915 288 3986 ΡΙ
304 3918 436 3974 chroesus
458 3915 484 3971 V
500 3916 612 3972 chresus
631 3915 660 3971 P
