2430 4274
312 39 1145 298 ffi-

456 509 697 575 -136-

70 669 155 735 Tota
178 672 271 734 ueste
293 672 403 734 uocat:
425 668 562 753 longum
585 667 641 753 qui
664 666 792 731 distulit
813 688 956 752 amnem,

68 755 171 823 Fessa
194 757 254 822 sub
278 755 439 842 Augustis
462 759 501 821 ut
522 755 669 821 uolueret
690 754 777 820 ostia
799 755 911 820 muris.

68 844 138 912 Noc
166 845 272 911 minor
298 845 374 929 hoc,
399 844 539 909 tacitum
561 844 618 929 qui
639 865 698 927 per
721 843 791 908 sola
813 843 950 929 pinguia
971 843 1087 911 labens

70 932 211 1019 Stringit
232 932 408 1019 frugiferas
430 932 509 998 felix
531 932 697 998 Alisontia
720 932 818 1016 ripas.
1033 950 1085 1000 371

68 1021 158 1087 Mille
182 1021 252 1107 alii,
279 1025 378 1106 prout
400 1042 558 1105 quemque
582 1042 659 1085 suus
683 1019 789 1105 magis
812 1020 955 1104 impetus
977 1027 1089 1107 urget,

67 1108 151 1176 Esse
174 1111 223 1175 tui
247 1111 390 1194 cupiunt
434 1113 546 1174 taut-us
568 1108 820 1194 properantibus
844 1108 939 1173 undis

71 1198 225 1264 Ambitus
248 1202 307 1263 aut
329 1218 446 1264 mores.
491 1197 577 1282 quod
601 1198 629 1261 si
652 1195 726 1280 tibi,
748 1195 803 1261 <lia
825 1194 976 1280 Mosella,

69 1286 209 1369 Smyrna
232 1308 325 1350 suum
348 1289 458 1350 uatem
481 1285 534 1350 uel
557 1284 694 1350 Mantua
716 1284 806 1350 clara
827 1284 983 1372 dedisset,
1031 1302 1087 1352 373

68 1372 204 1440 (lederet
226 1372 336 1439 Iliacis
361 1372 480 1439 Simois
503 1376 702 1439 memoratus
725 1373 760 1437 in
783 1373 850 1438 oris

68 1461 137 1527 Neo
159 1461 322 1546 praeferre
346 1482 422 1527 suos
446 1460 581 1527 auderet
602 1460 744 1546 Thybris
767 1460 918 1526 honores.

68 1548 119 1615 Da
142 1549 282 1631 ueniam,
306 1550 362 1633 da,
384 1549 490 1616 Roma
511 1552 641 1635 potensi
665 1550 773 1634 pulsa,
797 1569 868 1633 oro,
891 1547 1035 1616 facessat

68 1637 197 1703 inuidia
220 1642 253 1703 et
276 1637 389 1704 Latiae
412 1637 561 1703 Nemesis
584 1660 651 1704 non
673 1639 806 1722 cognita
828 1638 973 1723 linguas:

68 1813 202 1899 Imperii
225 1814 336 1880 sedem
357 1813 482 1880 Romae
504 1819 635 1880 tenuere
657 1816 819 1898 parentes.
1032 1828 1086 1880 aso

70 1899 180 1987 Salus,
204 1924 322 1989 magne
345 1925 463 1988 parens
487 1903 679 1989 frugumque
702 1902 884 1986 uirumque,
907 1900 1058 1967 Mosella!

69 1989 115 2054 Te
138 1991 217 2056 clari
241 2012 404 2075 proceres,
427 1996 460 2056 te
483 1991 569 2056 bello
593 1990 734 2056 exercita
756 1990 874 2075 pubes,

70 2079 210 2142 Aemula
231 2081 264 2142 te
287 2077 403 2143 Latiae
426 2080 558 2144 decorat
580 2079 732 2145 facundia
754 2079 895 2163 linguae.

70 2163 157 2241 Quin
181 2166 280 2231 etiam
304 2187 411 2231 mores
434 2172 468 2232 et
490 2167 611 2232 laetum
634 2166 743 2232 fronto
766 2187 881 2231 serena

68 2252 242 2340 Ingenium
264 2257 381 2319 natura
404 2255 470 2319 tuis
493 2256 654 2321 concessit
676 2254 826 2321 alumnis.
1031 2269 1084 2319 333

68 2341 137 2407 Nec
161 2342 232 2406 sola
255 2343 408 2426 antiquos
431 2347 578 2409 ostentat
599 2342 706 2409 Roma
729 2340 884 2424 Catones,

68 2430 138 2495 Aut
159 2451 245 2495 unus
268 2436 399 2497 tantum
421 2432 497 2497 iusti
521 2436 685 2516 spectator
708 2436 740 2496 et
762 2431 857 2515 aequi

140 2599 192 2650 373
211 2596 282 2651 Plin.
297 2613 326 2652 n.
337 2555 367 2651 ih.
383 2597 422 2650 XI
436 2602 486 2652 331
502 2597 663 2663 Nemeseos,
682 2612 754 2664 quae
771 2596 823 2650 dea
837 2593 968 2650 Latinum
981 2611 1085 2650 nomen

67 2681 103 2720 ne
125 2665 156 2720 in
176 2664 316 2736 Capitolio
340 2666 453 2735 quidem
476 2666 594 2722 inuenit.
629 2665 747 2720 XXVIII
765 2672 799 2736 22
824 2665 980 2733 Nemeam,
1004 2665 1084 2720 euius

68 2735 221 2860 ᾗὸέἰῖῗῖω
235 2738 415 2793 simulacrum
430 2739 460 2791 iu
475 2736 615 2807 Capitolio
630 2741 682 2805 ost,
696 2736 825 2806 quamuis
835 2736 968 2791 Latinum
981 2752 1084 2792 nomeu

139 2958 192 3009 338
210 2954 305 3025 uocat]
330 2954 394 3010 loca
411 2971 472 3010 cam
489 2957 580 3024 spatio
597 2971 687 3011 acceo
707 2962 722 3011 1
743 2957 788 3011 ael
806 2961 826 3012 2
845 2956 896 3013 zio.
915 2954 944 3010 B
961 2956 1040 3011 locat
1056 2956 1085 3011 L

103 3030 155 3081 363
174 3024 248 3080 festa
265 3025 294 3080 R
309 3029 314 3093 Ι
329 3025 450 3094 augusta
468 3025 495 3080 L
515 3029 519 3094 Ι
539 3025 633 3083 hostia
649 3026 710 3081 RL
799 3033 851 3082 370
870 3027 935 3099 nec]
955 3042 1012 3082 non
1029 3026 1056 3082 L
1077 3027 1082 3097 Ι

66 3130 185 3187 asum
203 3130 231 3185 a
293 3136 344 3185 su
364 3095 497 3200 molera
528 3133 563 3187 ar.
579 3133 659 3202 sorr.)
682 3132 828 3202 eifoeux
846 3133 874 3188 a
889 3135 894 3200 ι
909 3132 1042 3215 amensa
1053 3131 1084 3185 a

67 3204 154 3327 123⁷*
170 3202 512 3329 irritaturus
529 3203 859 3342 iillllffllll
877 3205 1084 3329 'metult

72 3342 200 3413 Vpoletos
270 3350 322 3399 373
345 3343 452 3399 smirna
470 3344 529 3399 RL
601 3290 654 3400 uio
672 3345 784 3418 cpderet
805 3344 862 3401 GB
883 3347 889 3407 Ι
908 3343 1010 3415 yliaois
1027 3343 1056 3398 R
1078 3344 1083 3414 Ι

67 3414 171 3482 symois
190 3413 363 3482 RBlhoris
382 3415 411 3470 R
483 3422 534 3470 377
556 3416 645 3484 tybris
666 3417 725 3473 GR
743 3417 825 3471 tibris
843 3415 904 3469 BL
976 3420 1028 3470 378
1047 3414 1085 3469 da

66 3483 158 3539 Roma
178 3485 205 3540 θ
222 3485 292 3539 mihi
309 3487 400 3541 Roma
418 3486 510 3543 RBL
526 3488 530 3556 Ι
546 3489 645 3556 petens
664 3490 772 3557 (potens
790 3503 842 3542 rec.
861 3488 941 3552 corr.)
960 3485 998 3540 L¹
1013 3487 1019 3554 Ι
1034 3501 1085 3540 ora

66 3553 127 3608 RB
146 3554 268 3611 horaL·
284 3559 288 3625 Ι
304 3555 453 3612 facemB
473 3558 655 3626 (facessaffl)
673 3563 753 3627 {post
770 3561 869 3612 a.379
886 3558 1021 3627 quamam
1038 3572 1084 3611 ex·

66 3626 165 3680 clause
182 3628 257 3681 uidit
274 3627 426 3682 Acamans
511 3633 563 3683 333
580 3629 710 3698 munere]
729 3643 783 3698 que
801 3630 880 3681 tuere
898 3627 966 3683 Par.
985 3630 1085 3682 tueare

67 3697 193 3766 parentis
211 3697 313 3752 Boeoti
350 3715 416 3764 ,aa
438 3697 564 3754 Romane
587 3701 666 3752 tuere
689 3699 855 3767 parentum?
927 3702 979 3753 331
999 3696 1085 3753 Saluo

67 3768 132 3823 moi.
152 3768 204 3823 litt.
218 3769 280 3823 icit.
297 3769 324 3823 θ
371 3769 494 3837 llrigum
508 3770 535 3823 L
551 3773 555 3838 Ι
570 3768 718 3824 mosellam
735 3770 763 3824 L
823 3772 875 3824 383
894 3768 1044 3824 foecundis
1057 3768 1086 3822 L

102 3843 156 3894 334
175 3854 273 3894 serena
289 3838 349 3894 GR
368 3854 466 3894 seuera
479 3839 538 3893 BL
611 3845 662 3894 387
681 3840 841 3909 speculator
857 3838 886 3893 B
