2430 4274
365 9 1209 302 Ε.-

524 591 566 601 -
612 573 697 620 LVIlI
746 591 783 602 -·

151 713 248 777 istam
272 713 486 797 continuauit,
509 713 549 778 ad
574 715 721 779 a.1132:
751 712 839 778 addit
862 714 946 778 euim
971 734 1001 796 p.
1024 713 1164 796 143,10

151 800 245 865 haec:

222 886 283 954 „lbi
302 885 376 941 sicut
395 887 533 970 ausonius
552 887 621 970 dicit
639 888 726 970 [Mos.
746 889 824 959 Sag]
935 957 940 968 Ι

293 963 426 1027 aequauit
443 957 539 1013 Lat1as
557 958 666 1025 (infelix
684 957 758 1013 0¹0³
772 959 847 1028 add.)
867 956 961 1012 Gallus
980 956 1089 1012 Cannas

292 1028 463 1099 infletaeque
481 1028 576 1084 iacent
596 1030 693 1098 Inopes
712 1045 796 1099 snper
814 1045 882 1082 arua
901 1029 1043 1083 colonos.‘⁸

151 1119 206 1184 ubi
235 1142 305 1185 cum
336 1120 518 1202 Intlecleque
546 1120 667 1185 habeat
693 1119 793 1185 codex
821 1121 854 1202 6,
885 1141 955 1184 oum
987 1118 1162 1205 Reginensi

150 1208 233 1273 libro
258 1214 431 1293 cognatum
455 1209 540 1273 huno
563 1207 789 1273 Treuirensem
812 1209 912 1273 fuisse
936 1208 1119 1291 suspiceris.

217 1296 386 1363 Mosellam
411 1318 482 1361 oum
507 1296 624 1363 ultimo
647 1319 742 1362 uersu
766 1301 799 1361 et
820 1297 922 1362 Rosas
942 1295 1160 1380 Hieronymus

151 1385 311 1449 Aloander
334 1385 366 1449 in
391 1389 519 1450 uetusto
543 1384 652 1451 codice
680 1387 748 1450 bibl.
772 1388 840 1450 diei
867 1386 998 1450 Victoris
1024 1385 1058 1449 in
1087 1385 1162 1449 sub·

149 1474 243 1539 urbio
267 1473 399 1538 Parisiis
423 1474 585 1538 inuenisse
609 1497 643 1538 se
667 1474 746 1539 dicit
770 1474 803 1539 in
824 1473 961 1539 schediis
986 1473 1163 1557 exemplari

151 1561 296 1627 luntinse
320 1562 482 1645 editionis,
505 1561 590 1647 quod
613 1562 757 1647 possidet
781 1560 1000 1645 Schenkelius,
1024 1560 1161 1647 adgluti-

149 1650 236 1716 natis
261 1648 416 1737 (Schenkl
440 1674 470 1736 p.
488 1649 689 1738 XXXVI).*)

216 1738 247 1803 V
271 1738 457 1805 Caesares
482 1740 557 1805 soli:

109 1846 138 1896 Σ
215 1828 397 1911 Repinnsis
410 1833 496 1895 2283
510 1851 534 1893 s.
549 1827 613 1893 XII
628 1828 680 1893 nel
696 1850 721 1894 s.
735 1827 823 1907 XJXI
839 1825 1028 1915 (Baehrens,
1041 1827 1162 1894 Jenaer

150 1916 202 1980 LZ
223 1917 309 1981 1874
328 1940 359 1982 n.
375 1916 443 2000 24).
475 1917 561 1982 solos
577 1914 733 1981 Caesares
748 1925 781 1981 et
796 1921 884 1982 totos
905 1916 1034 2001 quidem
1052 1915 1162 1981 habet.

149 2005 209 2068 hoo
247 2025 348 2089 genus
381 2005 544 2071 artissime
581 2006 788 2070 coniunctum
825 2009 874 2069 est
911 2027 982 2069 oum
1024 2007 1161 2088 utroque

150 2096 183 2156 et
205 2093 238 2156 B
256 2097 290 2156 et
308 2093 340 2157 P
360 2092 522 2176 (lacunam
541 2093 642 2158 habet
665 2097 791 2159 tetrast.
816 2094 858 2158 23
878 2114 949 2158 cum
969 2093 1003 2158 B
1022 2097 1055 2157 et
1078 2093 1162 2157 liber

149 2186 199 2245 est
222 2180 490 2266 interpolatione,
512 2203 606 2263 qnam
630 2182 676 2245 ibi
699 2183 731 2247 P
751 2187 801 2246 est
824 2181 962 2266 passus).

104 2283 132 2337 R
218 2276 375 2355 cognatus
395 2278 445 2335 est
463 2271 495 2335 R
510 2301 551 2324 =
566 2271 669 2336 Poris.
684 2276 779 2354 9347,
798 2271 876 2335 olim
892 2269 1056 2354 SRemigii
1071 2268 1161 2334 Rern.

149 2356 346 2440 (Schenkelii
372 2356 400 2445 ζ)
425 2381 449 2423 s,
470 2358 576 2441 VIIII,
600 2360 653 2444 qui
677 2359 698 2423 f.
717 2359 758 2424 57
786 2358 990 2424 monosticha
1013 2359 1085 2423 sola
1108 2380 1162 2424 ex·

148 2448 241 2512 hibet
264 2448 333 2512 sine
357 2448 581 2532 inscriptione:
609 2448 775 2531 conspirat
798 2469 870 2513 cum
894 2444 1030 2533 ΡΣ.**)

189 2650 192 2655 “
221 2640 247 2709 *)
268 2641 369 2694 Verum
384 2641 526 2696 enimuero
541 2641 752 2707 adnectendum,
767 2640 842 2763 {laod
856 2639 926 2693 dicit
940 2637 1098 2704 Aconrsins,
1117 2637 1162 2693 oui

752 2749 769 2777 ti

149 2711 242 2765 nullus
267 2712 400 2765 Mosellae
422 2709 494 2765 liber
516 2716 627 2780 praesto
651 2713 724 2766 erat:
797 2709 889 2765 usonii
912 2711 990 2773 sunt,
1013 2710 1069 2777 sit,
1088 2723 1161 2777 quae

151 2781 236 2849 uulgo
255 2779 375 2850 Virgilio
391 2781 587 2836 adscribuntur
602 2783 689 2852 epigr.
709 2783 744 2836 da
762 2781 904 2836 aetatibus
918 2780 1091 2847 animalium,
1111 2778 1162 2833 Vir

149 2853 247 2917 bonus,
262 2850 360 2916 Rosae,
375 2849 427 2902 Est
440 2852 469 2904 et
483 2851 547 2905 Non
562 2892 568 2905 .
586 2896 591 2906 .
608 2895 613 2906 .
629 2855 699 2907 haec
714 2851 831 2906 Ausonii
846 2852 922 2906 lusus
937 2867 1007 2916 esse,
1025 2867 1082 2905 non
1096 2849 1160 2904 Vir·

149 2920 227 2992 gilii,
246 2921 405 2990 fragmenta
429 2922 565 2988 quaedam
589 2921 839 2992 Longobardorum
861 2922 1028 2990 quandoque
1046 2921 1162 2976 charac-

149 2992 255 3047 teribus
282 2991 365 3045 fidem
392 2991 513 3060 faciunt,
541 3011 658 3061 qnorum
680 2992 846 3064 inspiciendi
870 2993 919 3047 ssd
942 2994 971 3047 et
994 2990 1161 3062 inuulgandi

148 3061 367 3132 publicandiqne
377 3062 447 3116 mihi
457 3063 620 3118 facultatem
631 3065 700 3120 fecit
709 3062 895 3132 Hieronymus
907 3064 983 3118 idem
993 3062 1161 3118 Aleander.“

149 3136 208 3188 Iam
233 3150 295 3188 oum
320 3135 386 3188 talis
410 3133 543 3189 Mosellae
568 3134 640 3190 liber
662 3153 773 3205 prorsus
798 3135 836 3190 sit
857 3135 970 3203 ignotus
988 3149 1079 3202 neque
1098 3135 1161 3203 post

148 3209 276 3274 tempora
293 3204 427 3258 Alaandri
445 3205 585 3261 interiisse
605 3205 643 3261 sit
661 3205 823 3275 credendus,
843 3205 999 3275 scripturae
1017 3206 1112 3259 autem
1131 3201 1161 3257 in

148 3275 275 3342 Mosella,
295 3292 364 3344 qnae
383 3276 497 3331 exhibet
515 3278 688 3332 Ascensiaua
707 3275 803 3344 editio,
821 3277 972 3330 maximam
992 3293 1056 3331 cum
1075 3273 1160 3330 seel-

148 3345 220 3401 lensi
239 3346 311 3401 libro
330 3347 541 3402 similItndinem
561 3365 628 3417 prae
648 3365 677 3402 se
696 3348 798 3413 ferant,
817 3362 909 3402 errore
927 3347 1051 3416 quodam
1064 3345 1160 3400 Victo

148 3417 256 3471 sianum
275 3416 409 3473 Mosellae
429 3419 553 3473 codicem
572 3424 670 3474 natum
688 3417 829 3489 suspicor,
851 3416 901 3486 qui
921 3417 1031 3473 minora
1049 3418 1160 3471 tanturn

147 3489 202 3542 ista
220 3489 345 3542 earmina
364 3488 502 3544 habuerit.

200 3557 241 3626 ”l
262 3560 376 3629 cognati
395 3565 461 3613 sunt
478 3560 544 3614 libri
568 3561 595 3615 Υ
612 3559 784 3631 (Schenkelii
803 3560 883 3627 ivel:

100 3629 129 3684 Y
219 3631 385 3686 Mellicensis
403 3649 423 3685 s.
446 3629 486 3684 XI
504 3630 524 3684 f.
540 3637 608 3685 221¹
626 3629 792 3686 Caesares
811 3633 953 3686 monost.
973 3631 1007 3684 et
1024 3630 1160 3685 tetrast.

148 3720 175 3755 n.
196 3707 209 3754 1
231 3703 260 3756 et
278 3706 307 3767 2,
327 3702 345 3757 f.
365 3707 429 3756 222¹
447 3702 482 3756 de
501 3703 552 3757 XII
571 3702 720 3758 uirtutibus
739 3701 877 3756 Herculis.
906 3703 1059 3769 sequuntur
1073 3700 1161 3756 Culex

148 3770 329 3896 Diiwhcm
348 3773 437 3827 Mosae
457 3773 503 3842 (of.
523 3772 619 3828 Melet.
639 3771 760 3827 Vindob.
781 3773 792 3826 Ι
810 3774 916 3839 olam).
945 3771 1161 3827 monosticha

149 3860 183 3898 so
206 3859 224 3896 a
262 3845 348 3898 abent

221 3915 347 3970 amaea.
367 3918 455 3970 10021
476 3932 497 3969 s.
517 3914 595 3970 XIIII
613 3932 656 3970 ex.
676 3915 808 3970 adiuncta
827 3912 936 3968 Sidonii
955 3911 1139 3980 earminrlrus3
