2430 4274
483 538 635 604 -293
684 574 721 586 -

97 694 159 764 Sed
184 696 266 761 mihi
289 695 369 762 mite
391 696 495 781 petris
518 698 592 782 plus
616 720 715 783 quam
738 699 883 765 censoris
906 699 1058 765 acerbum

142 784 233 850 Sedit
256 790 289 850 et
312 806 329 850 e
351 785 481 850 blandis
505 807 622 869 aspere
643 807 745 871 penso
768 788 887 853 enimc.

94 874 167 940 Iste
191 896 250 938 suo
273 874 451 959 regerenda
473 875 545 939 loco
567 877 679 940 tumen
702 879 736 939 et
758 877 908 961 grauiore

141 961 290 1028 Vindicis
312 962 404 1027 heroi
427 966 505 1028 sunt
528 963 685 1048 agitanda
708 985 798 1030 sono.

95 1051 229 1117 Interea
250 1050 355 1115 leuior
376 1052 490 1135 paucis
512 1057 700 1135 praecurret
721 1052 848 1117 iambus

140 1138 292 1204 Discretc
315 1139 458 1204 refersne
482 1143 596 1206 mutua
618 1140 720 1205 uerba
741 1140 831 1224 pede.

95 1226 192 1293 Nunc
216 1228 301 1313 elegi
324 1228 449 1292 saluere
471 1229 587 1294 iubent
608 1229 758 1314 dictaque
782 1229 900 1309 salute,

140 1315 188 1380 Vt
209 1315 315 1382 fecere
338 1316 411 1381 eliis
435 1338 511 1382 urse
534 1318 748 1403 gradumque,
771 1318 876 1384 silent.

423 1492 576 1542 Avsonlo
600 1494 783 1542 annmvs.

96 1580 182 1657 Quid
205 1579 372 1645 abdicatus
395 1582 431 1646 in
452 1603 559 1646 meam
583 1602 707 1665 curam,
729 1586 838 1667 peter,

141 1668 259 1733 Redire
282 1668 394 1735 Muses
416 1669 599 1754 praecipis?

95 1756 229 1842 Negant
252 1754 403 1822 Camenis
426 1779 485 1823 nec
508 1762 623 1843 petent
646 1758 794 1842 Apollini

141 1844 259 1911 Dicetn
282 1843 413 1911 Christo
436 1851 578 1930 pectora.

95 1933 173 1998 Fuit
195 1935 262 1999 ista
285 1935 449 2018 quondam
471 1956 539 2000 non
562 1956 638 2020 cpe,
660 1933 717 2001 sed
741 1935 848 2000 studio
872 1933 944 2019 peri

142 2021 261 2088 Tecum
285 2023 366 2087 mihi
389 2024 575 2106 concordia,

96 2108 191 2175 Ciere
215 2111 348 2176 surdum
370 2110 530 2197 Delphice
553 2111 722 2178 Phoebum
746 2132 856 2198 specu,

142 2197 268 2264 Vocare
291 2198 403 2264 Muses
425 2202 574 2285 numine,

96 2286 263 2372 Fundique
286 2309 402 2353 munus
426 2310 558 2353 munere
580 2289 744 2355 indultum
767 2290 818 2355 dei

143 2376 257 2441 Petere
280 2398 298 2441 e
320 2377 507 2442 nemoribus
531 2382 589 2441 aut
610 2378 708 2462 iugis:

94 2463 193 2529 Nunc
217 2465 280 2529 ulie
303 2471 447 2531 mentem
470 2466 521 2531 uis
545 2465 629 2551 ugit,
651 2467 757 2532 maior
781 2466 873 2547 deus,

142 2553 295 2634 Alicsque
319 2575 424 2619 mores
448 2555 597 2638 postulet

96 2639 169 2706 Sibi
192 2663 364 2727 reposcens
387 2643 428 2707 sb
451 2644 584 2709 nomine
606 2664 724 2708 munus
748 2665 855 2727 suum,

142 2729 302 2795 Viuemue
324 2736 363 2796 nt
384 2731 472 2797 uitae
495 2733 588 2815 petri.

170 2963 203 3012 11
222 2956 308 3012 michi
328 2958 376 3024 ΡΙ
396 2958 478 3013 mitte
497 2959 542 3024 ΡΙ
565 2958 689 3029 plusqua
706 2960 735 3014 P
805 2963 837 3013 12
858 2961 887 3014 et
905 2974 921 3013 e
939 2955 1066 3029 blandis]
1085 2955 1115 3011 ct

94 3027 198 3083 flandi·
218 3029 247 3083 P
306 3034 339 3082 13
357 3034 383 3085 et
402 3034 436 3083 14
454 3045 505 3084 cm.
526 3028 555 3083 P
615 3036 647 3085 1³
667 3030 791 3100 regende
813 3029 885 3084 V¹H
900 3028 1054 3100 retegente
1077 3025 1115 3079 V¹

95 3115 166 3155 corr.
187 3099 334 3155 Mmutori
407 3103 441 3154 16
464 3101 620 3169 praecurrit
637 3101 667 3156 P
736 3108 770 3156 16
794 3101 921 3157 desereto
941 3100 997 3168 ΡΙ
1026 3100 1113 3156 dextr.

94 3186 182 3241 marc.
207 3174 236 3231 >'(·
261 3169 288 3225 V
357 3175 390 3225 1⁷
409 3188 483 3225 nnnc
501 3173 560 3242 legi
578 3172 630 3240 ΡΙ
653 3171 746 3227 salute
770 3171 796 3226 V

168 3276 284 3313 nvsomo
308 3275 438 3314 senisve
462 3258 522 3313 VH
537 3275 587 3316 om.
607 3259 636 3312 P
663 3259 806 3330 Incipiunt
827 3275 926 3313 nereus
945 3257 1051 3313 Auscni
1076 3257 1212 3326 adm

94 3328 289 3384 PaulinnmS
325 3329 415 3385 Metro
442 3331 564 3386 iemuico
587 3340 607 3407 η
631 3346 729 3386 uersus
756 3329 847 3385 maior
873 3328 996 3395 senario,
1023 3328 1115 3385 mnicr

115 3398 279 3455 usterncrio
296 3417 383 3471 marp.
404 3402 440 3456 ut.
461 3401 487 3453 V
503 3403 565 3457 cini
582 3402 714 3457 ceuceu
732 3402 872 3457 coniuncti
890 3401 919 3454 P
972 3405 1006 3454 19
1026 3399 1099 3466 Quid

94 3418 190 3537 auum
208 3470 259 3540 ΡΙ
283 3473 378 3541 pater:
396 3491 411 3527 r
429 3488 463 3528 cc·
480 3474 495 3526 t
512 3475 548 3528 at.
574 3472 600 3525 V
651 3477 685 3527 11
705 3471 832 3542 eppclini
850 3471 879 3526 P
929 3475 963 3527 28
982 3472 1026 3527 ets
1049 3471 1087 3526 V¹

93 3542 217 3598 condem
241 3542 298 3608 1⁷¹1
319 3542 531 3669 psf'pterus.)
555 3542 659 3614 Vperi
677 3544 771 3598 cm.S
841 3549 876 3597 24
894 3541 961 3598 mici
983 3541 1010 3596 V
1078 3547 1113 3597 2⁶

95 3617 169 3669 vere
188 3611 392 3683 Sldelfich
435 3613 526 3669 deficu
544 3617 593 3684 ΠΙ
609 3615 734 3685 phebnm
753 3613 782 3668 P
795 3613 950 3669 scebnmS
1009 3619 1045 3669 26
1063 3629 1113 3667 nc·
1139 3682 1143 3687 .

94 3683 175 3739 mine
194 3684 216 3739 S
269 3689 304 3739 2⁷
322 3683 403 3740 fundi
422 3684 487 3740 V¹S
502 3689 506 3754 Ι
522 3701 666 3742 munerem
685 3685 800 3740 ductum
819 3685 865 3741 dei
879 3685 902 3740 S
916 3685 921 3752 Ι
937 3685 995 3757 dci]
1014 3684 1116 3740 diei-11

97 3755 394 3882 resecem
415 3756 666 3883 Pistre
684 3758 749 3883 <e
765 3757 855 3882 nc>
872 3753 1113 3882 enses

93 3895 213 3952 homine
232 3897 311 3965 tetri,
329 3913 398 3954 corr.
419 3899 519 3969 Pcipcr
580 3903 614 3954 32
632 3897 692 3953 uite
716 3898 796 3954 V¹P¹
815 3897 885 3970 (uitp
908 3896 945 3952 V'
967 3895 1040 3951 uit⁸e
1060 3892 1112 3962 9²)
