2430 4274
229 318 233 326 ι

104 658 142 703 eo
179 636 263 701 libro
301 636 483 720 complures
518 635 583 701 loci
615 634 759 718 corrupti
792 634 941 701 crucibus
974 633 1118 722 insigrib'

104 728 194 808 sunt3
230 746 326 808 saepe
354 725 453 789 ctiam
480 724 515 788 in
543 723 688 809 margine
716 723 875 809 quaedam
903 726 1023 791 notata
1046 725 1121 787 sunt

103 814 195 878 uelut
217 812 260 878 ad
282 835 313 878 u.
338 813 417 878 70οε
442 811 594 896 delphis
617 830 694 877 nor1
717 812 883 897 delphin.

60 911 88 967 L
198 900 248 967 Ac
285 922 326 966 ne
360 901 435 965 illos
468 900 597 986 quidem
629 922 742 966 uersus
774 902 892 966 Auieni
927 899 1122 987 perlustrare

104 991 235 1075 neglexi
259 990 314 1075 qui
337 989 547 1054 inueniuntur
569 989 603 1053 in
627 987 810 1055 Germanici
833 990 941 1056 codiee
961 986 1122 1071 Leidensi,

105 1079 161 1163 qui
189 1079 338 1162 signetur
365 1077 546 1143 Vossianus
569 1076 706 1143 Latinus
731 1075 768 1152 Q.
792 1078 848 1163 79,
876 1079 914 1144 ct
938 1073 1122 1142 Germanici

106 1168 229 1232 Aretes
252 1189 282 1250 p.
306 1165 370 1231 VII
394 1170 428 1230 et
450 1186 558 1250 progr.
581 1163 650 1230 Erf.
673 1187 705 1248 p.
729 1163 803 1231 VII.

195 1254 240 1320 Et
263 1253 404 1319 Gudiani
431 1254 507 1319 libri
534 1252 877 1336 Guelferbytanorum,
905 1255 961 1338 qui
990 1258 1042 1319 est
1067 1274 1123 1318 nu·

42 1412 47 1421 ,
105 1365 201 1495 mepp
204 1342 295 1516 >132
318 1342 564 1425 inscriptionem
588 1342 685 1407 attuli
707 1340 762 1428 (cf.
780 1340 918 1406 Hermes
936 1340 986 1406 XI
1008 1366 1040 1427 p.
1059 1325 1121 1408 951

104 1454 135 1496 n.
220 1480 227 1493 .

74 1545 88 1584 e
195 1517 247 1583 Ex
270 1518 468 1584 editionibus
488 1518 627 1603 quidem,
650 1517 814 1602 questore
834 1539 947 1584 omnes
966 1519 1123 1602 inspicere

106 1607 188 1672 mihi
210 1607 311 1691 licuit,
334 1629 382 1688 ea,
406 1629 504 1691 quam
526 1607 665 1690 primam
690 1605 849 1692 Georgius
871 1605 972 1673 Velle
994 1605 1124 1672 Plsoen·

106 1696 195 1762 tinus
214 1716 301 1761 anno
320 1693 671 1761 MGGCGLXXXVIII
688 1694 837 1760 Venetiis
855 1695 997 1780 parauit,
1018 1695 1124 1761 modis

106 1788 158 1850 est
180 1783 266 1849 inter
288 1783 413 1849 codices
437 1788 470 1849 et
492 1784 633 1869 reliquos
657 1784 758 1849 libros
777 1784 866 1868 typis
886 1806 1068 1869 expressos,
1088 1789 1124 1848 ut

106 1872 183 1937 libri
205 1894 305 1936 menn
329 1872 440 1956 scripti
461 1873 528 1938 fere
544 1874 648 1939 instar
667 1874 718 1937 sit.
755 1873 876 1938 etenim
894 1873 930 1939 in
948 1894 989 1939 ea
1007 1870 1124 1938 Anioni

108 1961 309 2044 aliorumque
332 1963 492 2045 poematis
516 1962 718 2044 praescripto
741 1965 817 2026 sunt
839 1961 933 2027 haec:

107 2081 161 2135 Hic
180 2080 268 2135 codex
287 2080 391 2134 anienii
411 2080 518 2135 obtinet
535 2081 690 2150 epigrima.
728 2080 820 2137 eiusde
840 2082 913 2135 arati
931 2083 1091 2152 phaenome·

108 2168 146 2206 na
168 2151 341 2220 geographie
364 2152 487 2205 carmine
510 2150 637 2206 heroico:
661 2152 764 2206 &oras
782 2153 939 2208 maritimas
961 2154 1091 2208 trimetro

107 2220 768 2349 llllt.tlzmtt¹tttl⁰tt.let²ltlll
787 2223 859 2277 ²¹²⁶
876 2223 1092 2294 *mm

197 2402 237 2466 In
264 2400 396 2486 quibus,
423 2400 487 2465 nisi
510 2401 621 2465 omnia
644 2421 695 2464 me
718 2400 850 2483 fallunt,
878 2401 1053 2485 conspicua
1079 2406 1124 2466 est

108 2492 229 2556 uetusti
257 2489 449 2573 exemplaris
476 2488 608 2572 effigies.
654 2487 831 2573 Georgium
855 2493 964 2553 autem
988 2486 1124 2573 Vallem,

107 2580 141 2644 id
164 2579 250 2663 quod
273 2578 397 2663 primus
421 2577 504 2642 uidit
520 2576 695 2663 Mauricius
715 2575 828 2660 Haupt
848 2575 903 2661 (cf.
920 2577 1060 2643 Hermes
1078 2577 1122 2644 lv

107 2690 138 2752 p.
161 2664 257 2754 331),
285 2689 324 2732 ea
351 2688 434 2750 quae
462 2669 556 2730 uetus
584 2666 748 2749 exemplar
771 2666 802 2729 ei
824 2665 1022 2749 praebuerat
1045 2667 1121 2732 setis

108 2761 257 2820 accurate
279 2755 461 2837 repetiisse,
486 2754 560 2837 ipsa
582 2755 815 2839 scripturarum
837 2757 956 2819 natura
979 2776 1123 2840 compro·

108 2844 213 2908 batur.
258 2844 325 2908 iam
347 2842 428 2907 haec
451 2843 551 2907 editio
574 2843 658 2907 inter
682 2863 793 2908 omnes
818 2864 855 2907 eo
879 2843 1018 2926 excellit,
1042 2843 1125 2929 quod

108 2932 230 2995 Aratea
265 2930 403 3014 praebet
433 2931 530 3014 plena
561 2952 665 3014 neque
699 2931 800 2995 ullum
831 2953 963 2996 uersum
997 2933 1125 2998 omittit

108 3041 172 3104 quo
195 3018 319 3083 factum
342 3021 400 3101 est,
423 3021 460 3082 ut
483 3041 522 3083 ex
545 3019 695 3084 omnibus
719 3041 785 3083 una
802 3041 832 3082 ιι
854 3020 940 3084 1479
959 3025 1123 3085 seruatum

107 3107 258 3172 traderet.
306 3128 412 3190 neque
445 3128 483 3172 eo
514 3109 614 3173 setius
641 3112 769 3192 praeter
796 3107 879 3172 alios
907 3128 1023 3174 uersus
1051 3114 1125 3174 sunt

108 3195 314 3279 masliaco,
338 3195 414 3279 570,
440 3196 525 3261 1079
549 3200 582 3261 et
605 3218 634 3260 u.
658 3196 724 3262 675
747 3196 923 3281 requiritur
946 3217 1092 3263 caesura

197 3283 294 3349 Haud
317 3285 365 3348 ita
388 3284 493 3349 multo
516 3288 591 3368 post
614 3306 701 3350 enno
724 3284 807 3349 ΜΠ)
830 3284 936 3350 Aldus
963 3286 1126 3352 Manutius

109 3371 275 3437 Romanus
299 3373 393 3437 Arati
416 3372 642 3455 phaenomena
664 3371 771 3439 ‘Rullo
791 3372 888 3438 Festo
907 3374 1050 3441 Auienio
1073 3397 1126 3459 ps·

108 3460 286 3543 raphralte'
310 3483 375 3525 uns
399 3482 471 3525 cum
489 3459 564 3525 Iulii
582 3459 714 3526 Firmici
732 3462 970 3528 Astronomicis
992 3465 1128 3548 aliisque

108 3548 211 3629 libris,
235 3549 290 3632 qui
314 3549 353 3613 ad
375 3550 589 3635 astrologiam
607 3551 781 3634 pertinent,
804 3549 950 3616 Venetiis
969 3554 1007 3618 in
1025 3554 1128 3619 lucem

109 3635 217 3700 edidit
264 3658 327 3721 quo
352 3637 438 3702 libro
463 3658 576 3703 omnes
599 3660 712 3704 uersus
734 3644 864 3723 praeter
886 3661 917 3704 u.
944 3642 1031 3706 1479
1054 3663 1127 3707 con-

108 3724 261 3789 tinentur.
297 3724 331 3789 in
355 3725 467 3791 eodem
491 3729 568 3791 sunt
590 3727 696 3792 mutili
719 3750 750 3796 u.
773 3728 852 3813 270,
875 3727 957 3814 570,
982 3730 1069 3794 1079
1097 3732 1128 3793 et
