2430 4274
543 516 762 582 ..52-

56 676 125 729 12οο
144 659 332 744 delphinum
355 659 484 742 patulas
507 658 628 744 promit
651 659 858 742 capricornus
881 658 916 722 in
938 679 1048 724 auras.

188 748 235 813 111
257 748 420 813 matutino
444 769 516 812 cum
541 747 646 833 surgit
669 747 853 831 aquarius
876 746 969 831 orbe,

146 860 182 903 os
207 859 308 921 equus
333 836 435 920 adque
458 835 555 920 pedes
578 857 682 901 nouus
705 835 816 900 exerit.
858 856 931 900 ecce
955 835 1101 901 cadentis

145 929 238 1010 parte
261 923 329 1009 poli
351 923 455 989 trahit
478 923 646 990 occiduum
668 944 733 989 nox
757 928 829 989 atra
853 924 913 989 sub
937 946 1062 1009 aequor

146 1012 345 1079 Centaurum
369 1013 485 1095 cauda,
508 1013 563 1077 sed
586 1034 653 1077 non
676 1015 775 1097 caput
797 1016 855 1076 aut
877 1034 1066 1078 umerorum

58 1117 126 1167 1266
145 1105 242 1167 00010
265 1102 361 1166 simul
384 1101 508 1186 recipit
553 1101 699 1186 persistit
720 1104 850 1185 pectore
874 1101 962 1166 celso

147 1190 328 1274 cornipedis
353 1190 475 1273 species
498 1193 531 1254 et
554 1190 678 1254 caelum
701 1191 821 1254 uertice
845 1189 948 1254 fulcit.

147 1301 205 1344 ora
229 1279 343 1344 dehinc
367 1299 498 1362 serpens
522 1281 555 1342 et
577 1279 684 1361 prima
706 1279 874 1343 uolumina
896 1282 1029 1343 tantum

147 1367 304 1432 conditur.
349 1366 492 1451 ingentis
515 1366 581 1431 lete
605 1370 715 1431 tamen
740 1368 873 1451 agmina
887 1367 1018 1432 caudae

146 1477 231 1539 pone
254 1455 365 1519 trahit.
412 1454 500 1519 subit
523 1454 589 1519 ista
612 1456 726 1538 solum,
750 1455 838 1520 subit
860 1477 1004 1541 aequora
1027 1475 1154 1535 rursum,

60 1556 129 1608 1216
147 1544 276 1627 integer
298 1541 421 1608 Oceani
443 1564 517 1608 cum
540 1564 574 1608 se
598 1542 780 1608 Centaurus
803 1544 837 1607 in
859 1544 964 1608 undas

147 1632 260 1697 iecerit
283 1632 385 1717 adque
408 1654 495 1697 nouo
518 1632 681 1696 uibrarint
704 1632 807 1697 sidere
830 1632 970 1717 pisces.

146 1721 198 1785 his
223 1722 256 1785 in
280 1742 406 1785 summa
428 1720 497 1805 poli
522 1721 729 1805 surgentibus
752 1721 807 1784 ille
831 1742 889 1805 per
912 1724 1060 1786 austrum

146 1809 247 1894 piscis
270 1809 363 1894 item,
386 1810 500 1893 planta
523 1830 618 1894 quem
641 1809 774 1894 pulcher
797 1810 948 1894 aquarius
971 1813 1082 1894 urget,

147 1898 299 1963 redditur.
344 1897 424 1961 haut
447 1901 518 1962 toto
541 1901 651 1961 tamen
673 1897 726 1962 hic
751 1919 785 1961 se
809 1918 943 1981 corpore
967 1898 1101 1982 promit,

59 1986 202 2050 12160001
227 1992 336 2049 manet
360 1985 492 2049 alterius
515 1986 677 2050 uenientis
700 1989 848 2069 tempora
871 1986 971 2070 signi:

148 2077 240 2158 parte
263 2073 359 2156 latet,
381 2078 508 2156 partem
534 2095 650 2157 supera
672 2074 706 2138 in
730 2096 874 2138 connexa
898 2074 1025 2140 sonoris

148 2163 298 2227 fluctibus
323 2161 466 2226 absoluit
488 2163 604 2247 pelagi.
651 2163 696 2227 sic
720 2162 852 2228 brachia
874 2168 1019 2228 maestae

149 2251 389 2334 Andromedae,
413 2251 458 2315 sic
482 2272 575 2316 crura
598 2251 712 2316 dehinc
735 2252 900 2335 umerique
923 2252 1065 2316 nitentes

149 2340 305 2424 paulatim
329 2361 445 2404 recauo
469 2339 604 2403 redeunt
625 2340 740 2423 maris,
764 2361 861 2405 aurea
886 2340 976 2404 00010

61 2443 130 2493 1286
149 2433 322 2512 postquam
346 2428 479 2493 adolent
501 2428 606 2511 pisces
630 2428 784 2493 incendia
829 2427 967 2513 denique
991 2429 1097 2513 pisces

150 2539 221 2581 cum
245 2516 394 2597 rutilant,
418 2516 539 2581 mundo
563 2517 711 2581 dextram
733 2517 812 2581 haec
836 2517 999 2582 attollitur
1021 2519 1131 2583 ulnam

149 2607 304 2690 laeuaque
326 2605 465 2690 uirginei
490 2627 615 2669 sursum
639 2628 674 2670 se
698 2605 839 2689 corporis
863 2605 972 2687 edent,

149 2694 278 2758 Phrixei
301 2697 475 2777 postquam
499 2694 624 2776 pecoris
647 2694 833 2778 proruperit
856 2698 957 2759 ortus.

193 2782 379 2846 Australem
403 2782 456 2846 hic
480 2783 583 2846 aries
608 2804 696 2846 aram
720 2782 830 2866 procul
854 2783 1007 2847 admouet
1030 2783 1124 2848 undis

61 2883 129 2935 1286
149 2870 290 2954 gurgitis
314 2869 448 2934 occidui.
494 2892 559 2954 qua
581 2871 637 2934 lux
660 2871 756 2954 redit,
780 2870 898 2935 excitat
921 2870 1009 2935 idem

221 3064 289 3114 1260
309 3060 421 3129 patulas
436 3059 551 3116 Grotius
569 3078 670 3131 paruas
689 3062 741 3116 VA
787 3068 852 3118 1261
873 3079 937 3116 cum
956 3062 1049 3133 surgit
1067 3080 1084 3118 v
1102 3079 1161 3117 con·

148 3131 238 3201 surgit
261 3131 336 3214 [fae
410 3137 476 3254 12612
497 3133 588 3257 essem}
605 3149 668 3188 ecce
683 3133 844 3259 lcgggngilsbe
854 3132 1160 3259 dxdbiimacmdiddi

149 3203 294 3365 sbrpeexnesnd
311 3219 444 3357 edildrida
465 3220 516 3328 idi
591 3280 659 3329 1266
678 3275 735 3330 1010
754 3291 768 3329 0
785 3274 844 3357 late
865 3274 891 3327 1⁷
889 3278 916 3329 A
946 3245 952 3257 ⁶
991 3275 1161 3331 1266001001

526 3345 694 3471 2101
710 3347 880 3498 rus
905 3346 1161 3472 Ε0610006

149 3485 264 3538 Grotius
286 3486 380 3539 atclht
402 3505 431 3540 m
455 3487 549 3540 ulnam
574 3487 600 3539 V
621 3487 728 3542 attollit
750 3506 779 3541 m
802 3487 897 3542 ulnam
916 3489 944 3542 A
1020 3494 1089 3543 1262
1108 3505 1160 3543 cor·

149 3554 225 3623 poris
244 3555 328 3608 edent
345 3558 446 3625 scripsi
463 3560 498 3624 cf.
514 3558 628 3614 Hermes
648 3559 720 3612 ΧΠ
734 3576 762 3627 p.
783 3564 837 3614 160
856 3576 882 3614 re.
903 3563 940 3614 32
958 3563 1070 3629 corpori
1089 3558 1159 3614 sedo

149 3628 200 3678 unt
229 3625 255 3677 1⁷
278 3628 401 3695 corporis
425 3628 512 3683 edunt
530 3629 557 3682 A
632 3635 701 3684 1266
719 3629 832 3686 Phrixei
855 3632 956 3698 scripsi
974 3631 1072 3685 Phriss
1091 3627 1163 3686 etl*

148 3695 257 3749 Phrisei
285 3696 315 3750 01
337 3699 364 3749 A
387 3696 472 3751 Phrix
498 3702 527 3753 et
549 3717 563 3754 e
585 3699 698 3755 Phrixei
722 3704 751 3755 et
773 3717 789 3757 o
881 3707 950 3757 1264
973 3703 1160 3759 australemo

149 3765 271 3821 australe
295 3766 370 3822 VAc
383 3769 393 3837 l
406 3767 539 3826 admouet
556 3772 584 3825 A
602 3771 729 3828 admouit
753 3772 780 3825 V
