2430 4274
474 533 713 602 ..229-

78 693 194 778 Paule,
217 692 433 760 Camenarum
456 695 665 760 celeberrime
688 695 906 762 casteliumm

125 783 265 848 Alumne
289 782 464 867 quondam,
488 805 574 849 nunc
597 788 703 870 pater,

79 871 148 938 Aut
171 893 266 955 auus,
289 877 347 937 aut
368 872 499 957 proauis
524 872 702 958 antiquior,
724 876 762 938 ut
784 871 848 940 fuit
871 873 948 940 olim
1081 890 1098 939 c

124 960 348 1026 Tartesiorum
371 961 515 1047 regulus:

79 1049 281 1115 Intemerata
303 1050 367 1114 tibi
389 1053 545 1115 maneant
567 1049 744 1135 promissa,
766 1055 939 1115 memento.

124 1137 277 1203 Phoebus
300 1138 393 1203 iubet
414 1159 529 1203 uerum
552 1138 653 1223 loqui.

78 1225 154 1291 Etsi
177 1225 301 1291 Pierius
324 1228 449 1311 patitur
472 1227 569 1291 lirare
593 1248 735 1311 sorores,

124 1312 314 1400 Numquam
336 1317 406 1399 ipse
429 1318 561 1400 torquet
584 1311 724 1381 αὔλακα.
1064 1331 1098 1383 10

81 1402 128 1468 Te
153 1424 283 1488 quoque
306 1425 348 1469 ne
370 1405 483 1489 pigeat
505 1404 680 1489 consponsi
703 1403 856 1470 foederis:
880 1411 914 1470 et
935 1403 1001 1470 iam

127 1490 219 1560 (titus
245 1493 322 1557 ueni
345 1514 435 1558 remo
461 1497 518 1558 aut
541 1496 626 1572 rota,

81 1581 243 1666 Aequoris
269 1580 388 1646 undosi
412 1603 476 1665 qua
499 1581 717 1666 multiplicata
740 1603 870 1648 recursu

127 1667 293 1734 Garumna
315 1673 454 1756 pontum
476 1673 649 1755 prouocat,

82 1760 151 1822 Aut
173 1759 363 1823 iteratarum
387 1781 453 1844 qua
475 1758 587 1843 glarea
609 1759 689 1823 trita
709 1757 836 1823 uiarum
1066 1773 1099 1823 ro

126 1844 204 1910 Fert
226 1847 402 1911 militarem
425 1847 466 1912 ad
488 1845 649 1912 Blauiam.

81 1932 154 1999 Noe
178 1935 299 1999 etenim
321 1936 437 2021 primis
462 1939 610 2000 sanctum
633 1941 710 2019 post
732 1935 854 2021 pascha
876 1935 990 2001 diebus

127 2024 272 2088 Auemus
296 2045 411 2109 agrum
434 2025 548 2089 uisere.

80 2109 167 2177 Nam
190 2111 304 2196 populi
326 2117 438 2177 coetus
462 2117 496 2177 et
518 2114 662 2196 compita
684 2112 817 2180 sordida
839 2113 916 2178 rixis

126 2198 343 2265 Fastidientes
367 2203 528 2267 cernimus
1063 2217 1098 2268 20

81 2288 252 2373 Augustae
275 2288 401 2354 feruere
424 2290 495 2355 uiae
520 2293 553 2353 et
575 2311 738 2375 congrege
760 2292 859 2376 uolgo

126 2377 255 2443 Nomen
280 2379 406 2462 plateas
430 2379 573 2462 perdere.

82 2463 228 2531 Turbida
251 2467 414 2551 congestis
438 2466 590 2531 referitur
612 2466 746 2532 uocibus
770 2465 863 2532 echo:

126 2553 247 2640 ‚‚Tene,
269 2555 344 2638 feri,
367 2555 442 2638 duc,
464 2556 520 2638 da,
543 2554 656 2620 caue!“

82 2641 145 2708 Sue
168 2643 330 2709 lutulenta
354 2643 452 2729 fugit,
475 2644 607 2709 rabidus
631 2643 721 2708 canis
745 2642 865 2727 impete
890 2662 987 2708 saeuo
1064 2656 1099 2708 co

126 2730 172 2796 nt
194 2733 336 2818 imperes
360 2733 508 2816 plaustro
534 2732 642 2798 boues.
859 2813 865 2823 ·

80 2817 152 2885 Nec
174 2820 309 2904 prodest
331 2821 498 2905 penetrale
522 2819 637 2886 domus
662 2825 694 2885 et
718 2824 831 2907 operta
855 2819 977 2886 subire:

126 2907 189 2973 Per
212 2912 301 2975 tecta
323 2910 483 2975 clamores
507 2913 626 2976 meant.

81 3051 295 3061 *—

155 3123 171 3171 5
192 3117 288 3173 Cicero
308 3119 343 3173 de
362 3135 417 3174 sen.
438 3125 481 3187 69,
500 3117 572 3174 Plin.
587 3137 613 3174 n.
628 3118 655 3173 h.
671 3118 723 3175 VII
740 3125 791 3175 154
810 3119 883 3189 (Val.
897 3119 972 3176 Max.
986 3117 1051 3174 VIII
1066 3123 1098 3173 13

81 3191 138 3243 ext.
157 3195 175 3242 4
193 3187 277 3244 Silius
296 3190 358 3245 Ital.
378 3190 417 3244 III
436 3192 502 3260 397)

152 3407 169 3455 3
189 3417 388 3458 camoenarum
399 3403 466 3485 ‘To
537 3409 554 3457 5
572 3403 685 3473 proauis
704 3403 858 3472 Acontius,
876 3418 998 3486 proauus
1018 3403 1045 3457 Z

79 3471 294 3615 legwige.
346 3474 406 3599 911ll
407 3474 516 3615 triirgeg
517 3545 543 3599 T
555 3548 560 3612 Ι
577 3481 732 3615 013ιεῖἶὲἓῖ
734 3491 792 3616 guerr
801 3474 864 3600 III
875 3474 1098 3600 'effliaetZiziii

79 3614 115 3668 Μ
192 3621 225 3670 12
252 3632 330 3671 rome
356 3617 394 3671 M
468 3621 501 3669 14
528 3633 651 3672 carnnna
669 3614 706 3671 Μ
730 3633 838 3687 geruna
858 3616 918 3741 G)
947 3618 1045 3687 potum
1064 3613 1101 3670 Μ

79 3687 243 3755 pontem&
317 3689 516 3742 cerasetum:
545 3688 870 3758 uincertoleaece
988 3693 1021 3742 19
1041 3702 1098 3741 sor-

79 3755 160 3828 dide]
175 3757 289 3813 turbida
299 3758 434 3814 Heinsius
487 3763 522 3813 20
532 3757 710 3814 fastidienter
720 3759 804 3815 Sabis.
821 3763 826 3828 Ι
842 3759 998 3830 spernimus
1008 3757 1096 3812 Hein-

78 3830 138 3883 ee'ue
191 3833 225 3882 21
245 3829 339 3884 feruor
355 3829 398 3895 T}
414 3847 478 3885 cum
496 3847 581 3900 grege
599 3830 653 3885 To
672 3831 717 3895 (in
734 3847 821 3902 more.
840 3847 910 3886 crue
927 3829 962 3899 Τ)
976 3831 981 3899 Ι
996 3827 1096 3898 uolgo]

80 3899 148 3955 Μθ
220 3902 407 3956 caecabor
476 3907 510 3955 25
530 3917 631 3956 ecacuo
652 3902 678 3956 Τ
