2430 4274
561 495 755 559 ..4-

99 658 132 706 66
154 641 344 725 aequarent,
367 659 431 722 qus
453 639 547 723 parte
570 636 663 720 polus
687 636 858 705 sublimior
879 638 949 704 alto

153 727 281 792 cardine
305 726 470 792 caeruleas
493 724 638 791 Thetidis
661 747 728 791 non
752 728 903 812 tangeret
925 728 1050 814 undas,

152 815 225 901 quis
248 816 345 900 polus
369 814 544 880 umbrifero
567 814 669 879 latest
691 813 825 879 decliuis
849 815 885 879 in
907 837 970 880 axe

153 908 186 968 et
209 924 295 988 uaga
317 904 443 988 pelenti
467 924 523 968 cur
546 904 641 987 signs
663 923 773 967 errore
795 902 952 968 ferentur.

153 1014 237 1077 quoe
260 1015 388 1058 rursum
412 992 542 1077 ingenio
566 991 771 1076 numerisque
795 987 988 1059 Solensibus
1012 993 1099 1058 idem

99 1098 133 1148 66
152 1081 301 1166 Iuppiter
323 1080 430 1145 efferri
452 1080 567 1145 melius
592 1079 695 1164 dedit,
717 1079 824 1144 incola
847 1078 949 1146 Tauri

152 1191 246 1234 musa
269 1171 305 1234 ut
329 1168 500 1253 Cecropios
524 1171 691 1253 raperetur
715 1172 748 1231 et
771 1168 881 1233 Aones
905 1189 1014 1255 agros.

196 1256 249 1322 Me
273 1279 400 1342 quoque
424 1278 509 1321 nunc
532 1256 648 1322 similis
672 1257 820 1321 stimulat
843 1256 935 1322 furor
958 1259 1055 1324 cdere
1076 1279 1162 1324 uersu

152 1352 312 1429 tempora,
335 1367 408 1410 cum
431 1345 520 1409 duris
544 1365 673 1410 uersare
696 1344 860 1431 ligonibus
885 1368 967 1412 arus

152 1433 338 1516 conueniat,
361 1455 435 1498 cum
458 1433 601 1499 ueliuolo
625 1434 701 1498 dare
724 1433 859 1498 carbasa
882 1439 987 1520 ponto

100 1538 133 1588 70
152 1526 185 1586 et
207 1543 279 1586 cum
302 1520 457 1587 uiticomo
481 1523 602 1586 crinem
625 1521 759 1587 tondere
782 1521 901 1606 Lyceo.

153 1631 172 1675 o
195 1610 276 1674 mihi
299 1611 379 1676 not‘s
402 1611 492 1695 adyti
515 1611 580 1675 iem
604 1609 738 1675 numina
761 1609 930 1675 Parnaseil

153 1721 172 1762 ο
196 1721 253 1783 per
276 1701 379 1764 multa
402 1720 535 1784 operum
561 1720 632 1764 mea
654 1720 781 1783 semper
803 1720 881 1764 curs
904 1703 1073 1768 camenae!

152 1787 217 1851 iam
240 1788 347 1872 placet
369 1788 405 1852 in
428 1809 581 1872 superum
604 1788 693 1852 uisus
718 1787 889 1852 sustollere
912 1791 1041 1856 caelum

154 1875 256 1959 adque
280 1876 382 1941 oculis
405 1898 548 1941 reserare
572 1876 659 1942 niam
682 1897 740 1960 per
763 1875 877 1942 sidere„
923 1879 1045 1963 maior,

101 1981 133 2028 75
153 1965 257 2029 maior
280 1965 350 2048 egit
373 1970 514 2031 mentem
539 1965 636 2030 solito
660 1964 751 2047 deus,
774 1965 882 2048 ampla
904 1969 1048 2049 patescit

153 2050 244 2116 Cirra
267 2051 349 2116 mihi
373 2055 406 2117 et
429 2055 509 2119 totis
535 2074 569 2117 se
593 2052 731 2117 Helicon
755 2053 893 2138 inspirat
916 2056 959 2119 ab
983 2058 1096 2121 antris.

197 2139 331 2226 Omnia,
355 2163 437 2226 quac
461 2142 600 2206 flammis
624 2141 765 2226 pingunt
788 2142 991 2208 radiantibus
1014 2145 1161 2226 aethrem,

152 2251 218 2293 nor
240 2230 310 2315 agit
333 2235 366 2295 ct
388 2253 483 2296 uerso
509 2252 567 2295 ceu
591 2230 655 2293 fixa
677 2229 853 2294 trahuntur
877 2229 1030 2317 Olympo.

154 2321 188 2381 at
210 2340 276 2382 non
301 2325 415 2384 cuncte
438 2323 549 2384 tamen
574 2319 740 2402 signorum
766 2318 800 2382 in
823 2319 895 2404 lege
919 2322 1082 2406 putanda,

99 2422 133 2470 80
153 2428 227 2489 pars
251 2409 392 2473 numeris
416 2412 449 2472 et
473 2407 596 2471 honore
619 2411 715 2471 caret.
761 2407 859 2472 micat
881 2410 1037 2474 omnibus
1062 2410 1142 2495 ignis

154 2497 186 2558 et
208 2497 307 2560 rutilo
331 2497 454 2561 cunctis
478 2495 597 2580 flagrat
621 2516 712 2560 coma
734 2495 884 2561 flammea
907 2498 1010 2581 crine,

153 2583 208 2648 sed
232 2585 397 2669 quianon
422 2587 510 2650 certa
534 2584 709 2648 formarum
734 2585 767 2647 in
791 2584 860 2649 luco
884 2590 1043 2651 notantur

51 2871 56 2879 .
224 2832 257 2881 60
281 2843 336 2895 qna
359 2831 440 2899 porto
463 2845 477 2882 c
498 2826 570 2897 quel
589 2830 649 2882 arte
672 2828 722 2881 VA
813 2834 848 2883 62
871 2831 1026 2888 umbrifero
1046 2833 1093 2888 Ae
1112 2850 1164 2887 nm·

151 2895 262 2965 bripero
288 2897 313 2949 V
401 2905 434 2953 66
458 2899 569 2968 pelenti
592 2897 707 2953 Grotius
728 2899 836 2969 palenti
859 2899 885 2954 V
905 2901 1027 2971 pellenti
1047 2907 1095 2959 Ae
1112 2904 1165 2974 psl·

151 2965 222 3020 lenti
247 2966 273 3018 V
343 2973 378 3022 64
396 2984 467 3035 queo
486 2969 586 3037 Aque
610 2968 647 3024 Vc
714 2975 747 3024 66
767 2970 859 3026 efferri
876 2971 905 3024 A
924 2971 994 3027 sieri
1020 2974 1046 3027 V
1061 2974 1163 3030 efferii

144 3042 185 3092 ’66
209 3034 290 3091 Musa
312 3039 344 3092 nt
363 3037 511 3109 Cecropios
534 3057 550 3093 6
574 3038 637 3094 Mul
656 3042 707 3095 snt
734 3042 815 3095 sutce
840 3041 951 3111 cropios
976 3043 1004 3096 V
1022 3046 1104 3101 Musa
1123 3048 1166 3100 out

152 3107 299 3178 Cecropios
322 3109 348 3163 A
372 3108 434 3164 lius
458 3113 507 3164 cut
530 3111 669 3180 ceoiopios
693 3127 707 3166 6
728 3113 738 3181 l
760 3114 905 3182 reperetur
930 3112 1002 3168 VAe
1025 3117 1165 3187 superaret

154 3178 269 3235 Grotius
290 3184 433 3250 repararet
456 3181 492 3236 R.
517 3180 605 3249 Unyer
628 3183 663 3248 cs.
683 3184 773 3251 praes.
789 3200 818 3252 p.
840 3183 922 3237 XVI
993 3193 1027 3241 67
1047 3186 1124 3243 furor
1148 3181 1168 3238 V

151 3250 232 3306 fauor
251 3253 323 3322 Aet!
343 3269 426 3308 uersu
445 3270 460 3308 6
478 3251 528 3306 nin
552 3252 578 3305 V
593 3269 704 3306 uersum
723 3254 769 3307 Ac
837 3261 871 3309 68
890 3257 1022 3326 temporo
1036 3260 1083 3313 Ae
1102 3261 1165 3314 tem·

151 3338 220 3390 perc
244 3323 270 3375 V
353 3329 386 3378 69
406 3323 530 3379 uelinolo
549 3324 576 3377 A
595 3323 725 3378 ueniuolo
750 3323 847 3379 Vneli
868 3325 965 3382 uoloe
1056 3335 1090 3385 70
1109 3328 1167 3384 niti·

153 3407 234 3447 como
259 3392 309 3446 VA
329 3394 398 3449 uicti
417 3411 529 3449 comoc
606 3399 638 3448 71
657 3393 737 3464 adyti
756 3395 803 3450 Ae
820 3395 962 3452 adniti?
1042 3407 1077 3454 76
1097 3399 1169 3454 eim

151 3463 253 3529 scripsi
270 3463 349 3518 Circe
374 3465 520 3534 VCyrrlm
538 3466 565 3518 A
586 3464 687 3520 Circhs
709 3482 723 3519 e
744 3465 842 3522 Cirrha
864 3483 880 3521 6
903 3469 914 3535 l
936 3484 966 3523 se
992 3469 1031 3526 Vc
1048 3487 1100 3525 om.
1119 3474 1165 3535 A.

155 3530 270 3586 Helicon
284 3533 403 3604 inspirat
417 3553 430 3588 6
445 3537 536 3591 elicon
550 3535 668 3605 inspirat
683 3535 835 3592 VHelicon
847 3536 871 3592 is
881 3539 971 3608 spirat·
981 3543 1009 3594 A
1047 3560 1074 3596 u.
1086 3547 1122 3597 77
1131 3545 1169 3595 is·

103 3635 107 3639 -
152 3603 282 3657 scribitur
297 3604 438 3660 Alteros
461 3607 656 3660 VArctosAe
681 3613 713 3661 77
733 3608 952 3664 aethrameonr.
972 3608 1024 3666 VA
1061 3618 1096 3668 80
1110 3629 1168 3682 pers

153 3671 299 3727 8666666νί
326 3680 535 3733 commentarius
557 3677 757 3733 Berolinsensis
784 3680 819 3746 cf.
844 3679 959 3736 Hermos
984 3683 1049 3738 XV
1066 3704 1094 3751 p.
1119 3686 1167 3739 183

152 3760 180 3795 n.
200 3747 236 3798 54
255 3760 320 3798 nem
345 3745 417 3801 VAe
490 3754 523 3804 82
543 3746 571 3801 in
596 3748 666 3804 VAe
685 3749 785 3806 delenit
803 3749 917 3807 Grotius
1151 3752 1153 3757 ’
