2430 4274
511 500 754 567 ..230-

119 660 211 727 Haec
234 664 268 727 et
290 682 374 745 quae
395 662 533 746 possunt
555 659 698 744 placidos
722 659 884 727 offendere
907 682 1026 747 mores,

165 749 295 835 Cogunt
316 749 455 834 relinqui
479 749 621 831 moenio,
1104 769 1140 818 oo

119 837 239 904 Dulcis
262 839 379 916 secreti
403 840 591 922 repetantur
613 841 650 902 ut
673 837 864 922 misturis,

166 926 273 1012 Nugis
298 948 432 992 amoena
456 927 558 991 seriis.
889 949 891 953 ’

119 1015 281 1099 Tempore
304 1014 458 1099 disponas
480 1015 538 1081 ubi
560 1019 598 1079 tu
621 1018 678 1078 tus
700 1014 814 1098 iusque
837 1019 929 1080 tuum
953 1016 1013 1099 sit,

164 1103 213 1169 Vt
234 1104 283 1169 nil
306 1125 385 1190 ages
409 1104 461 1168 uel
485 1103 572 1188 quod
593 1103 694 1168 ucles.

119 1191 172 1258 Ad
196 1215 277 1277 quse
302 1193 330 1257 si
352 1214 523 1277 properus,
546 1195 619 1257 tote
642 1212 715 1256 cum
738 1213 843 1257 merce
866 1196 996 1259 tuorum
1104 1212 1139 1262 oo

164 1280 250 1346 Veni
273 1302 479 1346 camenarum
503 1281 595 1345 citus.

116 1369 320 1454 Dactylicos,
344 1370 468 1454 elegos,
491 1368 715 1434 choriambum
739 1390 884 1448 carmen,
907 1370 1043 1456 epodos,

162 1456 254 1523 Socci
278 1461 311 1522 et
334 1459 465 1524 coturni
488 1458 647 1522 musicum

116 1544 289 1631 Ourpentis
312 1547 443 1631 impone
466 1548 550 1612 tuis:
573 1568 650 1611 nsm
672 1549 745 1611 tota
768 1546 914 1630 supellex

160 1633 281 1700 Votum
305 1635 433 1720 piorum
458 1635 591 1700 chartea
614 1638 673 1700 est.
1102 1653 1137 1704 40

116 1722 295 1791 Nobiscum
319 1724 467 1790 inuenies
490 1718 563 1790 κατ’
589 1723 740 1806 ἐναντία,
768 1723 797 1787 si
819 1723 905 1789 libet
928 1725 976 1789 uti

160 1811 238 1878 Non
261 1823 397 1898 προῖκα,
421 1812 477 1878 sed
501 1813 625 1879 Graece
647 1811 718 1877 fide.

62 2023 109 2065 vn
124 2024 172 2073 [eoo
181 2025 223 2073 Ep.
232 2027 266 2074 ¹13
390 2003 624 2058 RESCRIPTVM
642 2003 764 2060 PAVLO
785 2004 862 2059 SVO.

182 2129 304 2196 Versus
332 2153 421 2197 meos
451 2131 525 2196 utili
555 2136 588 2196 et
617 2132 748 2197 conscio
777 2131 840 2196 sibi
865 2137 987 2216 pudore
1016 2133 1137 2199 celatos

115 2218 258 2285 carmine
285 2224 341 2285 tuo
370 2224 404 2284 et
432 2241 579 2285 sermono
607 2220 796 2303 praemissis
825 2220 901 2285 dum
930 2224 1026 2304 putus
1056 2221 1139 2306 elici,

116 2309 312 2392 repressisti:
337 2330 413 2374 nam
433 2309 489 2393 qui
508 2308 577 2393 ipse
596 2308 755 2374 facundus
775 2313 807 2373 et
824 2309 966 2375 musicus
985 2309 1138 2375 editionis

116 2396 240 2463 eliense
267 2398 428 2482 prolectat
457 2397 638 2480 audaciam,
667 2397 817 2476 consilio,
846 2419 907 2480 quo
932 2396 1059 2483 suadet,
1087 2420 1139 2464 ex-

115 2488 225 2553 terret.
279 2490 372 2572 tegat
404 2490 535 2571 oportet
566 2487 695 2551 auditor
727 2486 908 2551 doctrinam
941 2508 1050 2570 suam,
1081 2488 1172 2572 quio

115 2576 207 2641 uolet
225 2576 266 2640 sd
286 2576 457 2640 dicendum
481 2576 659 2641 sollicitare
678 2575 904 2658 trepidantem,
922 2596 983 2640 nec
1002 2576 1140 2641 emerite

116 2662 290 2730 aduersum
324 2665 505 2730 tirrmculos
539 2686 630 2729 arms
662 2664 827 2730 concutiat
858 2667 1015 2729 ueterano
1047 2664 1139 2729 celli-

116 2751 211 2817 ditss.
257 2754 361 2819 sensit
387 2753 450 2818 hoc
473 2753 584 2817 Venus
612 2753 651 2817 de
675 2752 925 2838 pulchritudinis
948 2753 1061 2838 palme
1084 2751 1139 2818 diu

117 2841 270 2924 ambiguo
305 2840 463 2924 ampliata
496 2841 624 2906 iudicio.
670 2842 828 2925 pudenter
861 2841 947 2906 enim
979 2846 1017 2907 ut
1051 2840 1139 2926 apud

115 2931 243 3013 petrem
265 2928 374 2992 uelata
398 2932 579 2994 certauerat
598 2951 657 2995 neo
677 2931 859 2994 deterrebat
878 2930 1023 2996 aemulas
1043 2952 1139 2996 orna-
1159 2945 1190 2993 10

187 3119 240 3174 VH
258 3125 274 3174 8
294 3116 400 3190 Vergil
416 3119 442 3172 A
460 3119 485 3173 X
501 3128 533 3176 16
545 3138 604 3190 sqq.

274 3232 334 3240 ..ι-

188 3284 222 3334 32
242 3295 342 3335 amens
363 3279 429 3334 ΤΜ
444 3297 563 3335 amoena
583 3281 610 3336 G
629 3281 719 3336 smioa
739 3284 768 3336 et
782 3283 919 3336 Heinsius
972 3288 1007 3336 38
1027 3298 1139 3336 cemoe-

116 3365 216 3405 nurum
238 3351 295 3407 To
353 3357 387 3406 37
407 3351 555 3407 dactilicos
576 3352 602 3406 Τ
618 3352 745 3420 dactylos
764 3354 802 3408 M
814 3355 818 3418 Ι
834 3353 1015 3423 coryumbum
1037 3352 1141 3408 Tcor·

116 3419 242 3476 iambum
263 3422 290 3478 θ
305 3427 309 3488 1
325 3424 356 3478 et
372 3423 459 3492 pedes
479 3423 518 3477 M
580 3427 615 3478 38
634 3423 756 3495 coturni]
778 3425 815 3478 M
821 3423 847 3481 G
865 3423 995 3480 cothurni
1016 3425 1042 3479 Τ
1104 3430 1141 3478 40

117 3491 235 3547 curthes
254 3493 281 3549 θ
299 3493 398 3549 cartha
419 3495 445 3548 Τ
461 3497 556 3550 curtes
570 3494 609 3548 M
661 3500 694 3549 41
715 3495 881 3550 tuteruntis
898 3495 954 3551 ΤΘ
973 3495 1142 3551 cutenuncis

153 3568 188 3618 42
206 3571 310 3632 προῖκα
335 3563 420 3633 ῘΤοὶῑ,
440 3581 533 3634 poene.
554 3564 580 3619 Τ
595 3581 696 3635 poema
714 3565 749 3620 M
765 3583 859 3636 pennu
879 3567 905 3623 G

77 3654 106 3706 Z
190 3650 241 3706 VII
278 3659 293 3707 3
314 3652 374 3725 qui]
394 3668 448 3722 que
469 3654 507 3707 M
526 3656 530 3722 Ι
552 3652 687 3708 edictioni
708 3654 734 3708 Τ
754 3653 872 3709 editioni
892 3654 963 3709 GM
979 3670 1049 3710 corr.
1070 3654 1141 3710 Gro-

117 3723 219 3778 novius
291 3729 309 3778 4
331 3725 487 3850 prolectet}
508 3724 626 3792 q,leotut
646 3724 672 3778 Τ
694 3727 698 3793 Ι
728 3741 784 3792 quo
819 3742 873 3792 que
892 3724 930 3778 M
998 3726 1141 3796 Spulcri·

117 3793 225 3848 tudinis
247 3795 312 3850 ΤΜ
381 3802 469 3866 9pru
490 3795 615 3851 enterG
688 3800 721 3849 10
741 3796 847 3851 uoluta
867 3796 982 3866 Glnec
1003 3797 1030 3852 Τ
1047 3813 1141 3868 neque

120 3864 192 3920 GM
205 3868 210 3935 Ι
227 3865 374 3921 deterebat
395 3867 420 3922 Τ
