2430 4274
533 477 747 539 ..14-

65 625 284 706 contectaque
307 620 394 685 iusta
416 619 524 683 uirum
547 616 670 701 passim
693 616 892 701 succederet,
914 617 975 684 illa

136 710 294 775 feruentia
317 709 384 774 late
406 707 515 792 pelagi
537 710 656 773 natura
678 705 847 790 salumque

135 799 291 864 fluctibus
314 797 469 863 instabile
493 798 526 860 et
548 793 656 880 glauci
679 794 764 859 uada
785 794 917 880 turgida
940 796 1049 882 penti,

138 909 201 972 qua
225 886 333 951 senior
356 906 436 950 cano
459 883 565 948 nutrit
587 881 646 948 sub
670 883 800 969 gurgite
822 881 952 951 Nereus

138 974 309 1060 delphinos
331 973 454 1038 uirium
477 975 511 1036 et
532 971 724 1056 physeteras
748 971 899 1057 anhelos,

66 1081 119 1131 310
138 1064 291 1150 ignorata
313 1085 371 1128 suo
396 1061 585 1145 seclusaque
607 1059 671 1125 fine
693 1058 854 1127 iacebant

137 1153 230 1217 nulla
252 1151 330 1216 fides
353 1150 464 1233 undis,
486 1148 612 1214 tumido
635 1149 828 1214 commercia
849 1149 953 1218 fluctu

137 1240 229 1305 nulla
250 1240 444 1324 petebantur
466 1256 572 1321 neque
595 1236 704 1322 longis
728 1237 841 1303 nauita
863 1240 963 1305 terris

137 1329 302 1394 insinuare
324 1328 429 1391 ratem
453 1329 654 1409 susceperat,
675 1325 749 1391 exul
773 1330 810 1391 ut
832 1328 898 1393 oris

138 1416 288 1482 omnibus
312 1419 462 1480 externas
486 1414 620 1479 ueheret
642 1435 701 1498 per
722 1414 890 1500 inhospita
912 1436 1012 1502 gazas

66 1520 117 1569 315
137 1525 279 1589 aequora
302 1508 336 1569 et
357 1503 474 1568 insano
499 1502 654 1589 penderet
677 1523 774 1587 saepe
796 1504 972 1588 profundo.

137 1593 247 1658 omnia
270 1592 327 1659 sed
350 1591 475 1657 cunctis
498 1591 589 1658 nasci
613 1591 712 1658 dabat
735 1613 833 1661 aurea
854 1595 952 1660 terris

136 1680 268 1746 Iustitia
290 1685 324 1746 et
345 1681 435 1746 nullo
459 1679 655 1747 discreuerat
677 1701 751 1746 aere
774 1701 886 1767 regua.

137 1774 172 1834 at
194 1773 368 1854 postquem
391 1774 527 1855 argente
551 1768 705 1835 deformis
728 1769 825 1835 uiluit
847 1774 953 1855 aetas,

137 1858 241 1923 rarius
264 1859 298 1922 in
322 1863 425 1924 terras
450 1878 487 1922 os
510 1858 691 1923 inclinabat
712 1857 887 1924 honestum

65 1961 117 2010 ³20
136 1945 202 2010 iam
226 1946 299 2028 dea,
322 1947 377 2010 uix
401 1967 544 2012 summos
567 1947 724 2012 adlabene
747 1946 885 2031 denique
907 1948 1046 2034 montis,

136 2055 209 2098 cum
233 2035 366 2099 cedente
389 2035 440 2100 die
463 2036 613 2101 Phoebus
638 2035 697 2100 sub
721 2039 816 2101 necte
838 2037 1023 2121 propinqua

137 2122 289 2188 occiduus
312 2144 433 2206 pronos
458 2129 588 2208 urgeret
611 2125 645 2188 in
669 2145 811 2209 aequora
833 2146 963 2210 currus,

136 2211 357 2297 usurpandam
380 2212 481 2278 oculis
505 2235 575 2278 sese
598 2212 697 2277 dabat
721 2212 964 2298 adsurrectum,

135 2320 201 2366 non
224 2304 262 2365 ut
283 2300 371 2365 fessa
393 2301 501 2366 uirum
524 2305 690 2387 repararet
712 2300 832 2387 gaudia
855 2303 964 2383 uultu,

65 2403 116 2451 325
136 2389 192 2454 sed
217 2390 348 2474 crepula
370 2392 407 2453 ut
429 2392 494 2456 late
518 2394 663 2456 uomeret
685 2389 830 2455 conuicia
852 2412 942 2457 uoce.

136 2475 285 2562 parcite,
308 2478 372 2543 uile
395 2478 524 2564 genusl'
569 2479 710 2544 lacrimis
734 2478 842 2544 aiebat
865 2479 1008 2564 obortis,

136 2564 246 2632 ‘eausa
264 2565 481 2650 querellarum
501 2571 646 2633 uestrum
664 2570 714 2633 eat
732 2567 848 2633 scelus!
872 2589 973 2633 aurea
991 2569 1141 2654 quondan

134 2654 238 2719 iudice
261 2677 312 2719 me
336 2658 438 2721 uestri
460 2658 612 2722 aixerunt
635 2657 741 2721 saecla
764 2660 925 2740 parentes.

135 2742 274 2826 degener
296 2744 331 2807 in
355 2746 449 2810 uobis
473 2747 614 2828 animus,
638 2744 782 2810 sollertia
805 2744 901 2810 uobis

63 2845 115 2895 330
133 2831 288 2914 peruigil,
312 2836 381 2896 arte
404 2855 491 2899 nous
514 2834 616 2898 uitam
639 2832 806 2898 traducere
829 2855 902 2899 mos
926 2839 989 2901 est.

134 2939 229 2981 omne
257 2940 373 2983 aeuum
402 2922 517 2986 studiis
546 2921 712 2986 exceditis.
757 2921 832 2986 hinc
860 2944 991 3008 quoque
1017 2946 1143 3004 rursum,

204 3170 256 3219 305
275 3163 349 3220 insta
366 3165 414 3221 Ac
432 3165 512 3222 iuxta
537 3166 563 3220 V
632 3172 684 3223 309
704 3165 852 3236 delphinos
871 3169 918 3224 Ac
936 3167 1077 3239 delpinics
1100 3168 1144 3235 Vl

132 3235 248 3290 anhelos
273 3236 311 3291 Ve
329 3238 445 3310 anhelos
459 3239 486 3291 A
533 3244 584 3293 313
604 3241 766 3306 susceperat
778 3237 816 3292 N.
832 3238 969 3295 Heinsius
988 3242 1024 3308 cf.
1038 3240 1144 3296 Herm

134 3305 214 3360 XVI
233 3324 262 3377 p.
286 3313 392 3365 12111.
418 3314 455 3364 78
478 3309 522 3364 ius
546 3310 652 3364 fecerat
680 3308 717 3364 Vc
739 3309 783 3363 uis
805 3309 913 3365 fecerat
932 3312 960 3365 A
1034 3319 1088 3367 314
1108 3311 1143 3366 in·

131 3375 245 3445 hospita
262 3379 310 3434 Ae
327 3379 451 3450 inospita
475 3380 501 3434 V
555 3386 607 3435 313
625 3381 724 3435 insano
743 3396 756 3434 e
774 3381 887 3437 insarm
912 3382 964 3437 VA
984 3386 994 3453 l
1012 3382 1143 3454 profundo

131 3447 260 3513 (correxit
278 3467 377 3505 manae
396 3450 464 3519 1Δ)
489 3451 564 3508 VAe
632 3456 683 3506 332
702 3467 805 3520 pronos
824 3455 939 3522 urgeret
956 3457 1076 3511 correxit
1092 3471 1144 3508 mc-

130 3532 183 3570 nus
206 3524 226 3573 2
249 3519 277 3573 A
303 3525 431 3590 surgeret
454 3522 547 3577 media
569 3521 670 3593 proelii
694 3524 726 3578 in
748 3526 872 3593 marciae
895 3526 1030 3594 scriptam
1052 3526 1143 3582 deleuit

130 3603 229 3643 manue
252 3591 312 3644 clia
329 3590 356 3644 A
377 3609 467 3715 prono
492 3598 620 3665 surgeret
643 3592 678 3650 Va
769 3600 820 3650 323
846 3612 907 3651 sese
928 3595 1019 3652 dabat
1036 3596 1144 3652 Grotius

131 3658 246 3714 sedebat
274 3659 326 3714 VA
349 3660 375 3716 le
396 3661 464 3719 abst
491 3684 505 3721 e
532 3682 641 3722 uersam
664 3670 722 3724 324
749 3668 878 3722 &sidunt
906 3666 959 3722 VA
984 3668 1084 3724 hatest
1108 3681 1143 3720 cc

130 3733 182 3782 336
201 3745 289 3798 genus
313 3730 349 3786 Vc
367 3749 436 3789 corr.
456 3736 484 3790 A
