2430 4274
421 492 664 561 -351-

67 656 162 739 setus,
185 672 294 736 crura,
316 651 417 735 latus,
440 654 601 736 uentrem,
623 651 758 737 femora,
780 653 924 738 inguina,
947 676 962 721 e

67 761 189 828 trgum,
210 739 311 824 eolla,
332 760 477 823 umeros,
498 740 607 806 luteae
629 736 858 828 Symplegadis
881 746 970 810 antri

67 852 113 895 nn
136 829 267 897 diuersa
288 827 370 895 loeis
393 848 479 915 naga
501 827 690 894 carnificina
711 836 872 916 pererrat,

67 939 144 985 snae
168 922 369 983 marcentem
392 914 489 982 calidi
512 916 640 982 feruore
662 917 786 984 lauacri

67 1005 177 1073 tendas
199 1005 293 1072 letali
316 1006 425 1071 soluat
447 1005 615 1072 dulcedine
639 1006 780 1072 morbus.

67 1098 187 1161 assatos
210 1095 257 1160 sie
279 1092 369 1159 fama
390 1095 495 1180 uiros,
517 1094 573 1160 ubi
596 1114 691 1160 cassa
713 1094 814 1162 libido

67 1185 201 1249 amireos
225 1186 336 1249 coetus
359 1185 393 1248 et
413 1204 479 1248 non
503 1204 563 1248 sua
585 1182 672 1248 bella
695 1182 841 1266 lacessit,

67 1273 130 1337 rita
152 1274 269 1338 uexato
292 1292 483 1337 consumere
505 1270 626 1357 gaudia
648 1272 747 1356 lette,

67 1360 178 1427 ¹tillata
200 1359 293 1426 breui
315 1381 388 1426 eum
410 1359 477 1425 iam
500 1360 561 1426 sub
584 1359 649 1425 fine
671 1360 825 1446 uoluptas

67 1453 149 1515 eruet
172 1451 205 1515 at
227 1448 355 1535 ingesto
377 1447 508 1534 peragit
529 1446 670 1515 ludibria
693 1471 818 1515 morsu:

67 1536 175 1640 ›rpida
197 1558 262 1603 non
285 1536 381 1602 aliter
402 1536 750 1640 Polygitonnmembra
770 1538 916 1605 resoluit

67 1624 894 1801 '1'iffissgfliiffiitittpifflssatifitn.
1011 1731 1045 1782 20

67 1889 134 1933 0111
148 1890 333 1941 [muham]

128 1958 178 2015 Du
198 1957 356 2026 Qvonnn
375 1957 495 2015 SILVIO
513 1957 613 2015 BONO
633 1957 697 2025 QVI
715 1958 814 2015 ERAT
833 1958 949 2016 BRITO.

68 2069 151 2135 iuius
173 2068 232 2134 ille
254 2067 379 2153 Bonus,
402 2069 459 2154 qui
482 2069 627 2134 earmina
649 2072 764 2135 nostra
786 2069 928 2155 lacessit,

76 2157 199 2225 Nostra
219 2157 327 2244 magis
350 2158 470 2223 meruit
491 2157 644 2242 disticha,
667 2156 760 2225 Brito
783 2159 897 2225 bonus.

87 2281 117 2331 ἵ]

100 2370 150 2435 ius
172 2369 227 2436 hie
248 2367 361 2436 Bonus
384 2372 443 2436 est.
472 2368 564 2447 ‘Quis
588 2366 742 2435 Siluiust'
765 2368 832 2435 Iste
855 2369 1043 2437 Britannus.

102 2457 155 2524 tat
177 2458 270 2525 Brito
293 2459 434 2525 hicnon
457 2462 509 2524 est
531 2454 667 2543 Siluius,
691 2461 749 2523 aut
770 2458 875 2524 malus
899 2457 969 2524 est'

113 2578 139 2633 ³1

122 2693 150 2736 ra
173 2691 245 2737 essa
267 2668 380 2736 Bonus
403 2670 507 2736 fertur
529 2670 695 2757 ferturque
717 2668 909 2737 Britannus:
1026 2688 1042 2738 t

128 2759 151 2825 'e
175 2758 286 2825 eredat
307 2759 412 2825 ciuem
436 2758 647 2845 degenerasse
670 2760 815 2826 bonum?

143 2935 259 2991 'nemora
278 2932 305 2988 Τ
357 2934 524 2990 thanetos
539 2934 566 2988 Z
579 2936 584 3005 Ι
599 2932 693 2991 luctae
713 2932 740 2989 Τ
752 2938 758 3004 Ι
773 2934 826 2990 rim
846 2934 957 3006 legadia
976 2934 1044 2990 TM

151 3004 203 3060 tali
221 3002 353 3080 roluitT
424 3010 457 3060 14
475 3004 631 3062 foemineos
650 3004 695 3131 Ty!
715 3005 794 3061 setus
843 3007 881 3061 M
898 3010 904 3075 Ι
924 3005 1042 3064 lasereit

158 3075 417 3132 *connumeres
488 3081 522 3132 1s
539 3075 649 3132 titilata
766 3082 798 3132 17
816 3076 930 3149 ingeatu
949 3076 976 3132 T
1000 3078 1043 3133 in·

161 3146 194 3202 M
212 3163 282 3204 eorr.
301 3146 456 3202 Sdmusius
529 3151 562 3202 18
586 3147 701 3218 turpida
720 3145 788 3202 TM
810 3148 1041 3205 camliacinse

178 3218 347 3289 {poligyton
367 3217 393 3272 Τ
412 3216 471 3288 po‘
495 3218 552 3273 'ten
568 3219 606 3273 M
620 3220 625 3287 Ι
640 3218 758 3274 menbra
772 3220 810 3274 M
881 3224 915 3274 19
934 3234 991 3287 qua
1005 3218 1043 3275 M

175 3289 297 3345 stenteae
315 3289 397 3360 (thou
416 3289 452 3357 0)
510 3291 664 3360 {preparet
684 3289 740 3345 To
766 3291 920 3360 praeparat
938 3290 976 3344 M

184 3375 281 3433 -cxn
308 3378 350 3433 De
367 3409 403 3419 -
421 3377 501 3434 Brito
525 3376 628 3448 (Britto
649 3376 686 3448 θ)
712 3377 769 3434 Te
795 3394 846 3434 ers.
865 3377 904 3433 M
928 3381 958 3435 et
980 3377 1040 3435 eine

188 3449 417 3592 &garsii
437 3448 480 3516 G;
498 3450 631 3506 eentum
649 3450 779 3520 beantur
795 3450 937 3520 resipuere
954 3451 987 3507 in
1006 3451 1040 3519 Z,

209 3616 222 3663 1
242 3608 405 3665 nasuta
475 3616 491 3664 2
510 3609 613 3666 distica
632 3609 699 3666 ΤΜ
718 3614 722 3680 Ι
746 3609 835 3666 britto
852 3625 955 3682 semper
973 3609 1041 3666 Μθ

221 3703 235 3753 1
254 3696 310 3753 iste
329 3698 419 3754 bonus
438 3697 464 3752 Τ
484 3697 536 3753 hie
555 3699 644 3756 bonae
663 3701 707 3755 est
726 3697 797 3755 GM
810 3703 815 3768 Ι
830 3698 989 3757 brittannar
1006 3698 1045 3752 M

234 3791 249 3840 1
268 3784 358 3841 fertur
375 3802 426 3842 ort.
446 3786 472 3842 θ
494 3788 585 3857 spatie
607 3788 701 3845 relicto
720 3790 727 3859 l
747 3787 903 3859 ferturque]
921 3786 1039 3858 pariter.-

225 3872 329 3913 annae:
348 3875 368 3912 u
385 3873 419 3917 ex
437 3872 453 3913 o
474 3857 500 3912 Τ
