2430 4274
458 569 611 634 -369
661 605 700 617 -·

67 726 218 793 tenuiora
245 727 444 812 memorabo,
472 728 565 791 nulla
593 749 650 812 epe
674 727 867 813 adplenum
896 731 1084 818 exequendi,

68 815 126 880 sed
153 815 297 880 uniuersi
326 819 363 880 ut
390 815 585 901 intellegant
617 836 741 899 eorum,
774 838 856 900 quae
883 818 970 883 inter
993 836 1137 886 ....roo

67 903 287 988 praedicanda
310 907 399 987 sunt,
423 927 443 969 a
466 925 517 968 me
540 904 735 988 poscendam
759 925 829 970 esse
851 907 1017 992 notitiam,
1041 910 1082 975 ab

67 993 141 1057 aliis
156 992 361 1078 dignitatem.
389 1014 448 1057 nec
463 991 662 1076 excellentia,
676 992 733 1057 sed
747 993 910 1058 cotidiana
924 997 1082 1063 tractabo.

10 1083 48 1124 m
136 1079 245 1145 XIIII.
275 1080 411 1146 Nullum
438 1085 473 1144 tu
498 1102 650 1165 umquam
678 1080 764 1145 diem
792 1082 834 1145 ab
864 1083 1083 1150 adulescentia

10 1140 45 1190 ⁵³
66 1172 124 1234 tua
156 1169 220 1233 nisi
253 1168 388 1234 adorato
421 1168 472 1232 dei
499 1169 631 1233 numine
663 1173 695 1232 et
722 1190 796 1233 reus
829 1171 898 1236 uoti
931 1176 964 1235 et
991 1172 1081 1238 illico

67 1258 235 1322 absolutus
256 1257 367 1342 egisti,
390 1257 488 1321 lautis
508 1257 669 1339 manibus,
691 1261 802 1322 mente
825 1280 915 1341 pura,
938 1259 1080 1326 inmacu·
1094 1278 1136 1320 uo

65 1345 157 1410 labili
184 1345 383 1411 conscientia
412 1348 456 1428 ct,
485 1346 570 1428 quod
598 1345 632 1409 in
655 1347 765 1429 paucis
789 1351 854 1430 est,
881 1347 1081 1433 cogitatione

10 1453 46 1503 64
65 1434 200 1499 sincera.
245 1434 337 1499 cuius
375 1437 483 1497 autem
513 1455 668 1518 umquam
701 1453 851 1518 egressus
884 1437 1081 1520 auspicatior

64 1522 128 1586 fuit
160 1525 217 1587 aut
247 1522 389 1587 incessus
424 1521 600 1586 modestior
630 1525 687 1587 aut
717 1521 875 1587 habitudo
904 1525 1082 1591 cohibitior

64 1614 122 1675 aut
149 1609 319 1675 familiaris
349 1609 481 1676 habitus
510 1610 736 1675 condecentior
764 1614 820 1675 aut
848 1612 1001 1678 militaris
1030 1635 1080 1679 ac·

63 1699 223 1763 cinctior?
250 1698 286 1763 in
310 1699 484 1764 exercendo
509 1719 644 1782 corpore
668 1698 741 1782 quis
764 1719 894 1763 cursum
917 1709 985 1765 tam
1009 1723 1078 1784 per·
1091 1720 1133 1762 ne

62 1787 180 1853 niciter
210 1787 383 1852 incitauit‘?
421 1788 492 1872 quis
526 1787 724 1871 palaestram
756 1790 821 1850 tam
853 1788 994 1854 lubricus
1027 1810 1080 1854 ex-

62 1875 1079 2045 {illlisqltfltle‘}titillet„ltetllslll

10 2071 42 2120 35
63 2057 121 2116 aut
151 2053 271 2117 certius
300 2051 462 2116 destinata
494 2052 661 2134 percussit.
707 2052 905 2116 mirabamur
936 2058 1077 2139 poetam,

62 2139 468 2293 lllrlb'mtttll
481 2138 734 2293 lltdtatl
755 2140 907 2294 llll?
940 2141 996 2294 ‘lui
1028 2143 1076 2208 a
1089 2163 1131 2207 ⁴²⁰

10 2249 168 2400 ’mceptri
181 2279 252 2381 essi
275 2253 373 2402 trigae
392 2320 425 2381 et
443 2250 615 2400 praecepta
639 2315 782 2381 sistendi.
819 2251 1076 2385 obpcupumprppc

61 2404 157 2470 nobis
185 2405 369 2490 legentibus
398 2408 480 2469 erat:
510 2405 730 2468 intelleximus
757 2407 789 2468 te
814 2405 974 2488 uidentes,
1002 2428 1075 2471 cum
1121 2466 1130 2483 ,

60 2492 147 2558 idem
184 2515 294 2558 arcum
333 2493 516 2557 intenderes
553 2497 586 2557 et
622 2492 766 2556 habenas
799 2494 982 2557 remitteres
1019 2498 1075 2559 aut

61 2602 182 2665 equum
205 2581 336 2667 segnius
364 2585 492 2646 euntem
521 2582 653 2645 uerbere
683 2580 862 2645 concitares
886 2581 938 2645 uel
963 2582 1074 2647 eodem
1088 2606 1129 2648 425

60 2670 196 2734 uerbere
225 2670 511 2753 intemperantiam
540 2669 730 2734 coherceres.
778 2670 889 2751 quite
913 2669 1075 2735 uisisunt

59 2757 123 2823 hoc
138 2758 295 2837 docuisse,
313 2780 380 2824 non
392 2758 530 2823 faciunt:
548 2758 648 2822 immo
668 2757 722 2841 qui
742 2756 804 2820 uisi
824 2760 899 2821 sunt
916 2757 1073 2843 docuisse,

10 2868 38 2918 rs
58 2866 146 2911 nunc
170 2846 305 2911 discunt.
350 2847 384 2911 in
413 2847 493 2911 cibis
522 2851 629 2910 autem
658 2846 747 2909 cuius
774 2845 949 2911 sacerdotis
974 2847 1073 2912 absti-

58 2935 191 2999 nentior
208 2934 427 3000 caerimonia?
450 2935 485 2998 in
509 2935 585 2999 uino
605 2934 694 2999 cuius
719 2935 805 2998 senis
830 2956 941 3000 mensa
963 2934 1072 3021 fruga-

131 3132 183 3182 420
201 3127 306 3197 Vergil.
327 3126 417 3180 AIllI
431 3131 464 3179 41
484 3124 624 3179 Numidae
643 3124 752 3179 infreni.

131 3203 182 3251 sel
201 3197 364 3253 Numeriani
384 3196 487 3267 Oynsg.
506 3201 558 3251 168
580 3196 706 3250 Verbera
725 3198 790 3250 suut
809 3203 960 3266 praecepta
978 3197 1072 3266 togae,

55 3270 124 3324 suut
142 3268 260 3324 uerbera
278 3269 358 3324 freni.

55 3379 271 3387 *W

130 3432 182 3483 405
201 3427 364 3498 intelligant
377 3428 403 3480 Z
417 3431 421 3495 Ι
437 3426 510 3481 iuter
523 3426 548 3480 T
554 3427 591 3480 M
607 3424 718 3481 intueG
737 3424 766 3478 iu
780 3426 850 3494 ted,
868 3425 890 3492 f.
904 3425 978 3480 inter
991 3443 1071 3496 prae-

54 3498 142 3567 cipua
212 3504 264 3563 407
284 3497 449 3568 quotidiana
470 3496 527 3551 ΤΘ

128 3568 210 3623 XIIII
233 3574 286 3625 408
304 3585 428 3638 uuquam
450 3569 474 3622 T
491 3570 520 3638 (n
539 3581 572 3622 ea
590 3585 618 3621 m
632 3567 745 3637 ΜΘ
769 3568 773 3632 l
803 3565 994 3622 adolescentia
1011 3568 1038 3620 Z

53 3645 109 3694 410
127 3638 334 3722 inmaculabili]
355 3640 419 3694 MG
439 3640 478 3708 (in
496 3654 566 3693 mac.
582 3637 618 3706 θ)
673 3643 725 3692 412
745 3654 868 3706 unquam
890 3637 945 3692 Te
1017 3644 1071 3693 414

53 3709 170 3765 habitur
193 3710 342 3765 familiana
361 3711 398 3764 M
424 3713 427 3777 Ι
458 3709 601 3765 decentior
624 3708 661 3762 Μ
728 3714 781 3763 416
806 3708 960 3778 palestram
986 3708 1038 3763 ΤΘ
1063 3710 1066 3778 Ι

53 3781 244 3850 expediuntur
262 3780 300 3835 M
359 3787 410 3835 411
430 3779 580 3851 collegitur
598 3780 636 3833 M
703 3785 756 3835 418
775 3779 958 3834 abductusG
1016 3784 1069 3833 420

52 3852 179 3908 infrenes
198 3853 237 3910 M
306 3858 358 3907 426
381 3850 640 3921 intemperantiam:
664 3849 694 3904 in
712 3867 746 3905 ecc
763 3849 804 3903 im
817 3867 862 3920 pr.
884 3850 909 3904 T
929 3853 935 3918 Ι
960 3865 1069 3904 coerce-

52 3939 100 3978 res
118 3923 145 3977 G
208 3928 260 3978 4117
279 3923 345 3994 boc]
364 3923 434 3977 haec
455 3922 493 3976 M
506 3923 512 3992 Ι
533 3922 590 3977 imo
609 3921 647 3976 M

109 4021 242 4064 Arromr.
873 4013 909 4061 24
