2430 4274
503 577 744 641 —278-

120 736 285 815 Quantum
310 735 514 802 oblectamen
536 734 666 820 populi,
689 756 771 818 quae
794 737 873 799 uota
895 735 1059 800 bonorum

120 823 258 912 Sperato
280 823 431 890 fraudata
453 825 563 891 bono?
587 822 753 910 gratantia
777 823 883 897 cuncti
1042 894 1069 913 Ι,
1120 894 1127 923 ἱ

120 913 233 980 Verba
255 914 481 998 loquebantur.
518 913 583 978 iam
606 912 740 978 nomina
762 908 876 977 nostra
899 913 1065 996 parabant
1104 927 1137 978 4ο

120 1002 267 1068 inserere
290 1001 433 1088 antiquis
457 1002 529 1068 aeui
553 1000 696 1067 melioris
720 998 842 1064 amicis.

122 1089 267 1158 (tedebat
289 1090 441 1176 Pylades,
463 1089 602 1175 Phrygii
626 1110 753 1173 quoque
777 1088 882 1174 gloria
904 1087 979 1154 Nisi

120 1180 191 1246 lam
215 1182 320 1246 minor
343 1182 376 1244 et
398 1180 560 1264 promissa
584 1178 697 1244 obiens
721 1177 907 1242 uadimonia
929 1177 1071 1246 Damon.

120 1269 190 1336 Nos
213 1269 406 1333 documenta
430 1268 535 1352 magis
558 1265 679 1350 felicia,
706 1264 816 1351 qualia
838 1286 978 1351 magnus

122 1356 230 1441 Scipio
253 1354 469 1441 longaeuiqua
491 1355 581 1421 dedit
604 1354 765 1440 sapientia
786 1353 890 1419 Laeli:
1103 1372 1136 1420 44

122 1445 191 1511 Nos
216 1444 331 1509 studiis
357 1444 536 1530 animisque
559 1443 661 1510 isdem
685 1443 843 1509 miracula
867 1444 1005 1523 cunctis,

121 1532 194 1599 Hoc
216 1533 353 1619 maiora,
375 1555 471 1618 pares
494 1533 616 1599 fuimus
640 1532 726 1617 quod
750 1532 878 1616 dispare
901 1532 935 1597 in
961 1553 1054 1598 aeuo.

122 1621 219 1687 Ocius
244 1621 304 1687 illa
326 1622 395 1708 iugi
419 1622 529 1688 fatalis
554 1621 680 1687 soluere
702 1621 773 1686 lora

121 1710 285 1776 Pellaeum
308 1711 454 1797 potuisse
478 1711 589 1776 ducem
613 1731 700 1792 reor,
724 1709 836 1774 abdita
859 1710 982 1794 opertis

121 1798 294 1885 Principiis
318 1805 351 1865 et
373 1803 512 1885 utroque
536 1802 633 1883 caput
655 1798 796 1864 celantia
817 1797 913 1864 nodo.
1106 1814 1138 1864 50

82 1952 86 1959 ,
122 1887 253 1953 Grande
277 1888 408 1973 aliquod
431 1889 567 1954 uerbum
590 1887 743 1952 nimimm
766 1887 919 1969 diximus,
942 1890 979 1951 ut
1002 1909 1038 1952 se

121 1976 261 2041 Inferret
282 1977 392 2041 nimiis
415 1976 534 2043 uindex
557 1975 761 2042 Rhamnusia
784 1976 885 2058 uotis3

121 2064 300 2130 Arsacidae
324 2069 361 2129 ut
383 2065 546 2150 quondam
569 2065 656 2150 regis
680 2086 746 2129 uon
768 2065 855 2129 laeta
877 2062 1056 2149 triumphis

123 2151 267 2218 Grandia
288 2152 390 2218 uerba
412 2175 563 2239 premens
586 2154 686 2218 ultrix
709 2153 769 2218 dea
792 2152 918 2217 Medica
941 2153 1021 2218 belli

123 2240 245 2306 Sistere
269 2238 484 2326 Cecropidum
508 2241 662 2309 interris
687 2245 896 2306 monumenta
918 2242 1050 2326 paranti
1106 2256 1138 2306 co

123 2329 261 2395 Obstitit
283 2334 316 2395 st
338 2328 438 2396 Graio
462 2332 528 2396 iam
551 2332 616 2395 iam
639 2330 769 2415 figenda
790 2333 924 2415 tropaeo

121 2417 219 2484 Vltro
244 2419 344 2484 etiam
367 2419 463 2484 uictis
487 2418 636 2485 Nemesis
661 2419 754 2484 stetit
776 2417 888 2483 Attica
910 2416 1030 2483 Persis.

123 2506 212 2584 Quae
235 2508 297 2574 tibi
320 2506 511 2574 Romulidas
535 2529 683 2593 proceres
706 2529 825 2572 ueraro
848 2506 950 2572 libido
975 2508 1048 2573 est?

122 2595 161 2660 ln
184 2595 297 2663 Medos
320 2597 512 2682 Arabasque
534 2602 608 2661 tuos
632 2617 690 2679 per
711 2596 825 2661 nubila
848 2598 880 2660 et
904 2599 1014 2659 atrum

121 2684 226 2772 Perge
250 2685 361 2751 chaos:
385 2685 534 2752 Romana
556 2684 670 2771 procul
693 2684 755 2749 tibi
778 2685 912 2750 nomina
934 2688 1041 2750 sunto.
1108 2701 1140 2751 60

122 2773 194 2838 Illic
219 2796 337 2858 quaere
362 2775 444 2840 alios
469 2773 698 2860 oppugnatura
721 2773 863 2858 sodales,

123 2860 223 2926 Liuor
246 2862 303 2926 ubi
326 2863 389 2927 iste
412 2867 487 2928 tuus
512 2862 796 2947 ferrugineumque
818 2883 980 2927 uenenum

195 3074 318 3126 as-raa
338 3072 426 3140 aaa
488 3077 522 3127 se
541 3072 651 3145 populi]
670 3073 710 3155 pp*
729 3072 758 3125 Ρ
815 3061 1142 3153 saepememorati

129 3141 156 3196 V
225 3147 260 3197 40
278 3139 308 3196 lo
327 3141 447 3196 uebatur
471 3142 497 3195 V
566 3149 600 3197 41
620 3144 696 3215 asur]
716 3143 761 3199 cui
780 3145 807 3211 (c
822 3147 895 3210 =e)
914 3141 1064 3208 Plamror
1085 3141 1111 3195 V

121 3217 157 3267 42
175 3212 285 3282 pilades
351 3212 468 3283 plyades
486 3213 514 3267 P
531 3216 535 3282 Ι
550 3214 665 3295 ,ρὶιτίςίἱ
682 3234 702 3270 u
720 3213 815 3298 puisi]
835 3213 889 3297 uis.
914 3213 940 3267 V
978 3281 984 3293 .
1011 3219 1047 3269 44
1066 3212 1142 3297 doci·

123 3285 221 3338 menta
239 3304 258 3339 α
273 3284 334 3355 (Ρ’)
389 3291 424 3340 45
442 3285 559 3356 longebr
576 3285 612 3340 V¹
629 3292 633 3354 Ι
648 3284 738 3342 Isaelu
753 3287 896 3341 Auamma
900 3325 909 3351 ,
927 3283 986 3357 lpbr
1006 3282 1034 3338 V
1049 3284 1104 3340 cah
1118 3283 1144 3339 P

159 3396 193 3444 46
208 3369 315 3447 animis
334 3391 355 3461 (i
370 3397 461 3448 auus
478 3393 510 3447 in
527 3407 583 3447 rua.
600 3391 719 3461 prodr,
738 3407 804 3447 vas.
819 3390 901 3461 pat)
922 3389 966 3459 Vl
988 3386 1144 3447 hisdemP

125 3461 239 3543 {ruptis
263 3461 289 3515 V
358 3469 392 3518 47
413 3463 523 3546 'maiore
547 3463 574 3516 V
642 3468 676 3518 ⁶1
695 3462 830 3545 duximus
849 3482 868 3517 α
891 3460 1074 3544 οονν..Ρᾳήε.
1091 3465 1096 3532 1
1111 3462 1143 3517 ut

123 3531 305 3660 alma
330 3534 542 3661 etuias
560 3606 589 3660 P
612 3538 646 3590 ⁶³
659 3533 890 3674 uuum
907 3532 1144 3672 444ἰῖ4Ρὸ

123 3674 225 3744 parent
242 3673 354 3732 Pcorr.
375 3675 469 3733 Puris.
536 3676 722 3746 detegenda
742 3677 774 3731 P
837 3681 870 3729 57
890 3691 941 3731 ora
962 3675 991 3729 P
1046 3680 1081 3731 68
1099 3689 1142 3730 ro·

123 3745 244 3801 molidas
264 3744 293 3799 P
364 3750 397 3801 59
416 3745 525 3803 medios
545 3748 573 3802 P
595 3752 599 3816 l
629 3749 730 3804 orabas
752 3746 779 3802 V
800 3749 804 3816 1
834 3748 864 3800 et
886 3748 980 3800 atrum
997 3745 1144 3802 Auentina

124 3874 153 3926 et
170 3829 276 3943 dtriiml
297 3873 425 3954 (pr-erus.)
449 3871 476 3926 V
501 3872 640 3955 cauitrum
669 3874 731 3941 (om.
751 3872 787 3937 el)
811 3868 840 3924 P
909 3874 944 3924 60
971 3852 1061 3940 perga
1086 3867 1142 3940 ΡΙ

123 3955 188 3996 caos
213 3941 240 3996 V
256 3940 349 3998 charra
369 3943 398 3996 P
469 3949 502 3998 62
522 3943 595 3998 libor
618 3942 654 3999 V¹
675 3945 680 4011 1
702 3942 901 4011 lemugennum
920 3940 950 3994 P
