2430 4274
556 552 776 617 „16-

91 698 238 763 serialis
262 696 423 781 utrimque
446 694 542 760 modo
567 694 664 759 simul
687 697 721 759 et
742 692 868 779 fulgore
892 692 995 759 micat
1016 694 1084 761 lux.

90 802 142 852 eoa
162 807 220 851 nec
244 783 485 870 contemplandi
507 783 600 848 labor
624 783 752 866 anxius,
775 782 885 847 omnia
906 782 1023 866 primis

91 891 143 940 300
162 874 262 940 obuia
284 895 342 939 ceu
364 873 495 939 uibrant
518 871 699 938 obtutibus:
723 892 805 936 unus
829 870 871 937 ob
896 891 968 956 ora,

162 985 226 1048 qua
248 967 324 1028 sunt
345 962 451 1047 prima
473 961 560 1026 ferae
583 961 736 1046 uestigia,
759 959 942 1044 praeminet
964 960 1068 1046 ignis,

161 1054 276 1139 altera,
300 1073 363 1137 qua
385 1051 520 1135 pedibus
542 1049 632 1135 regio
656 1053 707 1113 est
730 1047 923 1130 clunalibus,
947 1048 1042 1114 ardet

163 1141 259 1206 stelle
280 1139 393 1204 itidem
416 1137 618 1224 genibusque
640 1136 756 1201 dehinc
779 1157 813 1202 se
835 1136 936 1201 tertia
958 1138 1084 1221 promit

163 1229 302 1311 aemula,
326 1249 390 1313 qua
412 1227 531 1292 rutilae
553 1226 697 1313 flagrent
720 1225 860 1291 confinia
883 1224 1014 1291 caudae.

92 1333 144 1383 300
163 1338 229 1382 non
252 1322 362 1381 tamen
384 1315 435 1379 his
459 1314 596 1399 species,
620 1335 685 1379 non
709 1319 785 1379 sunt
807 1314 1003 1400 cognomina
1026 1320 1128 1399 certa,

164 1404 220 1470 sed
241 1404 402 1490 permixta
426 1403 521 1469 simul
544 1403 637 1488 uulgi
660 1403 730 1468 uice
755 1403 1002 1468 conuoluuntur.

206 1493 269 1558 Illa
292 1492 422 1577 quidem
446 1513 561 1576 supero
581 1496 732 1557 conserta
753 1490 912 1556 relabitur
935 1513 1011 1576 axe,

162 1582 266 1646 inscia
288 1579 408 1666 piscosi
432 1601 559 1665 semper
583 1580 669 1645 salis.
714 1580 816 1664 ipsius
840 1584 948 1644 autem

164 1669 327 1736 subiectos
351 1669 450 1754 capiti
473 1671 647 1755 geminos
671 1668 732 1734 tibi
755 1688 883 1734 cernere
906 1668 956 1733 fas
981 1672 1045 1751 est,

93 1775 146 1824 370
166 1757 374 1844 Spartanam,
399 1759 559 1844 geminos,
582 1757 728 1823 subolem
751 1757 938 1842 prolemque
962 1758 1108 1824 tonantis

164 1848 328 1933 egregiam
352 1849 385 1911 et
408 1847 540 1931 proprio
559 1850 635 1930 post
656 1844 783 1911 reddita
805 1847 941 1911 numina
964 1846 1066 1911 caelo.

164 1958 240 2000 nam
264 1935 528 2001 Lacedaemoniis
552 1934 641 2000 Mars
665 1956 736 1999 cum
760 1934 914 1999 caluisset
936 1933 1114 2019 Aphidnis‚

165 2023 302 2090 Castora
326 2023 474 2106 Cecropii
497 2024 573 2088 tulit
594 2024 801 2088 inclementia
824 2023 910 2087 belli.

165 2116 199 2176 at
221 2113 321 2177 frater
343 2113 511 2197 lucemque
536 2116 568 2177 et
591 2112 660 2176 fata
684 2112 865 2195 superstitis
890 2112 962 2176 aeui

94 2215 145 2265 373
165 2223 279 2266 exosus
304 2204 425 2266 sortem
448 2201 590 2266 lacrimis
615 2199 774 2287 efflagitat
798 2221 943 2284 aequam.

166 2291 315 2374 protinus
339 2290 481 2354 alternae
505 2309 678 2375 germanos
701 2292 846 2373 tempore
870 2289 959 2353 uitae

165 2378 312 2463 Iuppiter
335 2379 460 2443 attollit
482 2378 625 2462 caelique
649 2379 683 2442 in
706 2378 791 2443 celsa
814 2382 985 2461 receptans

165 2472 315 2533 aeternae
338 2467 476 2550 flagrare
499 2466 580 2531 facis
605 2466 695 2530 iubet
718 2466 849 2552 ignibus
874 2466 979 2532 ambo.

209 2556 294 2621 Aluo
317 2555 447 2621 Helices
471 2576 607 2621 cancer
631 2555 835 2619 subuolnitur
859 2559 1011 2639 astraque
1035 2576 1145 2620 cancro

93 2643 259 2729 secluso,
282 2645 470 2710 nouerceles
494 2647 531 2708 ut
554 2665 679 2725 semper
702 2644 853 2728 proderet
875 2645 954 2727 iras,

164 2733 338 2817 praestitit.
383 2733 437 2798 hic
460 2732 592 2817 etenim,
616 2731 752 2797 Lernaei
776 2733 916 2818 gurgitis
940 2732 1080 2817 hydram

164 2825 270 2886 ureret
293 2821 422 2886 Alcides
446 2843 518 2886 cum
542 2821 735 2906 flammiger,
759 2842 855 2887 ausus
877 2821 912 2886 in
935 2821 1045 2905 ipsum

220 2965 375 2972 .--.——

234 3035 285 3084 337
304 3028 445 3097 utrimque
458 3031 558 3100 scripsi
571 3031 683 3100 utrique
702 3031 754 3085 VA
800 3037 850 3086 361
871 3047 927 3100 qua
942 3030 978 3086 F.
996 3032 1025 3087 0.
1043 3032 1170 3087 Mutiliae

163 3099 309 3170 Hauptios
323 3100 437 3155 Hermes
459 3101 527 3155 VII
538 3119 569 3170 p.
588 3106 624 3157 13
643 3118 696 3170 que
718 3102 743 3156 V
759 3120 821 3172 quae
836 3103 863 3156 A
877 3104 887 3170 ll
900 3102 977 3157 ferae
993 3105 1021 3157 A
1036 3103 1171 3173 Huspliss

163 3172 262 3227 ibidem
280 3172 339 3227 fere
363 3171 390 3225 V
459 3178 511 3227 333
530 3174 619 3227 altera
638 3190 693 3242 que
718 3173 744 3227 V
759 3171 831 3228 alter
849 3189 924 3243 aqua
942 3175 970 3227 A
1032 3181 1084 3230 363
1123 3174 1171 3231 eni·

163 3242 270 3313 busque
295 3242 321 3297 V
341 3242 458 3313 genibus
476 3262 513 3313 qu
549 3245 576 3297 A
650 3250 702 3299 364
726 3261 781 3314 qua
804 3243 906 3299 rutilae
925 3245 953 3297 A
972 3253 1030 3314 qua
1049 3264 1081 3299 ru
1098 3247 1132 3300 's
1154 3242 1173 3298 l’

163 3330 190 3368 rs.
211 3318 266 3369 367
285 3316 447 3370 inscribitur
465 3313 512 3369 GE
546 3315 597 3369 lNI
622 3315 672 3369 VA
738 3321 790 3370 370
809 3316 976 3384 Spartanam
1003 3316 1065 3371 VS
1087 3317 1173 3372 artha

162 3399 227 3438 nam
251 3386 278 3438 A
301 3388 310 3454 ΙΙ
334 3386 459 3441 subolem
495 3386 520 3440 V
542 3386 667 3441 sobolem
694 3386 722 3439 A
744 3389 754 3455 ss
776 3386 940 3456 prolemque
968 3387 1025 3441 AL
1053 3335 1127 3458 pieq.
1155 3384 1175 3437 V

162 3461 213 3510 371
234 3457 346 3525 proprio
366 3456 447 3510 VAL
465 3457 557 3527 patrio
574 3456 688 3513 Grotius
738 3463 789 3512 372
809 3457 1040 3513 Lacedaemoniis
1055 3460 1082 3512 A
1097 3459 1174 3514 Lace

163 3524 298 3581 demoniis
325 3524 352 3579 V
371 3527 607 3611 lachedemonius
622 3529 782 3584 Germanici
795 3530 878 3585 codex
892 3529 1042 3585 Beruenses
1056 3530 1173 3596 008801.

156 3617 247 3682 praefi
254 3634 284 3685 p.
296 3615 328 3670 Χ
333 3614 379 3670 VI
383 3631 421 3684 sq.
455 3622 507 3672 373
517 3618 641 3673 alternae
655 3619 841 3687 germanosA
856 3619 965 3673 alterna
980 3635 1144 3691 egermenos
1156 3616 1176 3670 V

886 3689 992 3747 penso·

162 3742 213 3791 377
228 3737 335 3793 attollit
349 3740 408 3793 AL
421 3743 518 3797 attolit
536 3743 562 3797 V
613 3748 664 3799 378
679 3744 761 3798 ambo
784 3741 904 3798 Vambo
1000 3745 1030 3799 A
1043 3741 1174 3800 amboal

161 3825 187 3861 ιι.
209 3811 262 3864 379
281 3810 444 3867 inscribitur
463 3813 610 3870 CANOER
634 3816 686 3870 VA
