2430 4274
537 539 779 605 -396-

154 701 310 768 memoria
332 700 482 767 fortunae
506 698 683 783 superioris
707 699 826 764 elicuit.
861 719 942 781 quas
966 719 1042 763 oum
1065 699 1168 764 occul-

153 795 223 856 tare
247 790 359 856 sedulo
378 793 550 855 conaretur
572 792 630 852 aut
651 787 744 853 uultu
767 785 974 852 dissimulans
997 789 1058 852 aut
1079 792 1167 853 ueste
1185 804 1205 852 1<

153 880 340 964 detergens,
367 879 477 944 oculos
499 877 533 942 in
556 897 591 942 se
614 876 760 942 omnium
784 879 818 941 et
839 875 981 940 maxime
1003 876 1094 960 regie
1116 876 1167 941 ad·

154 969 263 1034 uertit
309 971 379 1033 tum
408 966 564 1032 Alcinous
591 986 690 1032 cauea
721 963 857 1029 fletuum
884 964 1032 1050 cognita,
1064 967 1104 1030 ut
1131 987 1166 1030 ex

154 1057 266 1122 ordine
279 1057 420 1123 tolerata
434 1056 615 1133 dissereret,
629 1052 770 1138 benigne
786 1052 953 1138 pollicitus
967 1051 1166 1119 adhortatur.

614 1313 694 1369 VIIII

215 1419 296 1494 (Tio
316 1419 344 1476 δ’
366 1416 596 1495 ἀπαμειβόμενος
613 1420 742 1490 προςὲφη
760 1418 914 1491 πολύμητις
929 1417 1104 1496 omrem>

330 1492 404 1547 Tum
421 1493 484 1548 uice
503 1492 638 1548 sermonis
656 1492 733 1548 fatur
751 1491 878 1548 Laertius
897 1493 988 1548 heros.

220 1619 383 1698 Quattuor
401 1620 499 1684 istinc
517 1620 592 1684 libri
612 1619 651 1684 de
665 1617 773 1684 Vlixis
792 1640 900 1684 errore
918 1619 1066 1684 contexti
1084 1623 1167 1686 sunt

152 1730 294 1795 namque
318 1708 359 1773 ab
379 1706 515 1773 Alcinoo
539 1712 674 1792 rogatus
698 1709 814 1773 seriem
838 1705 1031 1791 multiplicis
1049 1711 1166 1774 erroris

154 1797 302 1882 exponit,
328 1801 367 1862 ut
389 1795 430 1862 ab
453 1795 515 1862 Ilio
539 1796 703 1880 profectus
725 1796 865 1881 primum
889 1795 928 1860 ad
954 1792 1095 1862 Ciconas
1117 1795 1191 1862 det

153 1886 239 1951 latus
263 1885 308 1951 eit
330 1889 428 1970 atque
450 1885 518 1951 illic
541 1889 729 1970 expugnata
751 1883 876 1950 Ismaro
901 1884 1035 1949 ciuitate
1054 1885 1164 1951 multis

153 1974 282 2038 amissis
304 1975 438 2059 fugatus
459 1975 666 2056 abscesserit,
689 1977 788 2059 utque
811 1974 886 2038 inde
905 1971 1048 2039 Maleam
1066 1972 1164 2039 Laco

152 2063 245 2127 nicee
272 2064 531 2146 promontorium
557 2063 784 2147 circumegerit
807 2084 845 2127 ae
868 2061 983 2128 deinde
1007 2061 1050 2126 ad
1071 2061 1164 2128 Loto·

152 2150 278 2236 phagos
311 2150 472 2233 (uenerit,
504 2173 580 2216 mox
613 2151 654 2216 ad
687 2148 866 2236 Cyclopum
897 2150 1054 2234 insulam,
1086 2172 1164 2236 quae

151 2237 376 2324 Lotophagis>
415 2239 600 2324 obiacebat,
641 2261 714 2305 cum
750 2261 816 2304 uua
851 2260 934 2304 naue
972 2241 1164 2324 processerit
1178 2252 1198 2301 ιο

152 2348 253 2412 eaque
282 2329 392 2394 sedulo
421 2328 586 2394 occultata
612 2329 682 2413 ipse
710 2349 784 2392 cum
811 2327 979 2393 duodecim
1008 2329 1106 2394 sociis
1133 2328 1163 2392 in

154 2420 285 2481 antrum
308 2416 501 2501 Polyphemi
524 2417 758 2502 penetrauerit:
784 2417 840 2502 qui
864 2417 1006 2480 cruentis
1031 2416 1162 2501 dapibus

152 2507 314 2590 expletus,
343 2528 423 2590 quas
447 2505 543 2571 caede
567 2506 727 2571 sociorum
750 2505 819 2569 eius
847 2505 1061 2589 maturuerat,
1090 2505 1160 2570 uiuo

153 2595 265 2677 etiam,
302 2594 387 2679 quod
421 2593 532 2659 Vlixes
564 2596 759 2678 ingesserat,
795 2594 992 2658 temulentus
1027 2616 1100 2660 cum
1131 2596 1161 2658 in

153 2704 302 2748 somnum
330 2682 569 2767 procubuisset,
598 2683 639 2748 ab
670 2680 763 2747 Vlixe
792 2685 940 2747 caecatus
969 2703 1093 2766 poenae
1120 2683 1161 2747 in·
1175 2689 1194 2742 tt

151 2771 319 2837 maritatis
343 2771 492 2837 exsoluit.

221 2995 301 3051 VIIII
321 3003 353 3051 12
372 2996 477 3066 Vergil.
496 3000 522 3052 A
536 2998 576 3053 III
590 3003 642 3054 ele
661 2997 835 3067 dapibusque
855 2996 977 3053 cruentis
1015 2996 1041 3050 A
1060 2996 1098 3052 111
1114 3000 1160 3052 8³⁰

151 3067 278 3137 expletus
298 3067 417 3138 dapibus
436 3069 558 3138 uinoque
577 3069 704 3140 sepultus

221 3287 237 3336 9
256 3280 395 3352 superiori
412 3280 499 3336 lecuit
512 3281 558 3351 ΡΙ
574 3281 654 3337 uulta
673 3280 748 3367 Quas
762 3281 790 3335 P
816 3292 822 3302 ·
842 3287 873 3335 11
894 3279 1034 3352 omnium]
1053 3277 1163 3350 0qu

152 3390 183 3439 12
202 3386 276 3457 tum]
296 3385 366 3441 Cum
386 3387 432 3454 ΡΙ
455 3390 487 3442 ut
506 3387 535 3440 P
551 3390 584 3442 ut
603 3390 704 3442 cuncta
726 3387 853 3458 Vpoletua
909 3391 941 3439 13
960 3387 1097 3442 tollet-ata
1114 3386 1158 3445 Pl

150 3455 296 3511 adortatur
316 3457 344 3511 P

220 3542 299 3598 VIIII
318 3551 334 3598 2
353 3546 430 3599 uices
449 3545 590 3600 hermonis
608 3546 716 3601 fetatur
734 3546 753 3600 l.
767 3546 848 3599 heres
865 3543 893 3598 P
945 3550 961 3598 3
980 3548 1105 3614 quatuor
1117 3542 1158 3614 Pl

148 3613 229 3668 libris
247 3614 276 3667 P
343 3615 487 3672 laltinoo
505 3615 547 3671 P·
619 3616 778 3671 thiemaro
797 3615 825 3670 P
896 3615 1013 3671 lmala
1037 3632 1101 3671 eum
1123 3616 1159 3668 le·

149 3684 246 3739 conica
264 3685 294 3738 P
362 3685 498 3739 edeinue
517 3687 566 3758 ad]
592 3688 629 3741 ad
647 3688 713 3742 add.
731 3687 895 3751 Acmen,
918 3702 969 3740 cm.
988 3685 1019 3739 P
1088 3692 1112 3742 9.
1132 3689 1161 3739 lt

148 3753 259 3808 uenerit
278 3784 310 3794 -
329 3754 439 3825 Lotoph
480 3754 503 3808 's
520 3759 611 3826 suppl.
631 3757 774 3826 Vpoterur,
792 3773 842 3812 om,
859 3756 889 3809 P
961 3760 994 3810 10
1013 3774 1080 3812 eum
1097 3753 1160 3826 una]

148 3840 212 3963 {giuli
229 3822 307 3965 induP
354 3831 418 3951 tnP'
475 3827 527 3882 ,Ρ
580 3831 613 3880 12
632 3826 790 3898 poliphemi
805 3827 833 3881 P
887 3833 921 3881 14
940 3825 1050 3899 Vlixes]
1068 3827 1162 3883 mucce

227 3912 256 3949 m
292 3909 353 3951 sera
