2430 4274
526 522 764 586 -270-

229 681 300 746 Iam
323 681 451 766 patinas
474 681 618 766 implebo
641 701 744 763 meas,
766 682 804 744 ut
826 681 957 764 parcior
978 679 1036 745 ille

230 770 393 835 Maiorum
415 770 537 834 mensis
561 769 709 853 applaria
732 789 827 833 sueus
850 769 997 833 inundet.

88 893 146 942 [⁴1²]
210 875 292 951 Quid
317 880 426 940 autem
450 878 518 939 tam
540 874 680 939 amabile
703 876 836 958 tamque
858 873 1038 958 hospitale,
1061 896 1156 959 qnam

143 963 229 1048 quod
252 971 302 1048 tu,
330 968 367 1028 ut
394 985 444 1027 me
468 963 658 1047 participes,
687 961 819 1026 delieias
842 967 916 1027 tuas
939 963 972 1027 in
990 963 1073 1048 ipsa
1095 963 1156 1049 pri·

141 1053 307 1117 mitiarum
329 1052 477 1117 nouitate
500 1050 673 1116 defrudas?
703 1072 721 1115 o
746 1050 843 1115 melle
867 1051 1007 1134 dulcior,
1035 1071 1055 1117 o
1080 1050 1156 1117 Gra
1172 1058 1199 1105 ¹⁶

140 1142 259 1207 tiarnm
283 1143 455 1205 uenustate
478 1139 640 1222 festiuior,
664 1162 683 1204 o
702 1138 743 1203 ab
764 1140 913 1204 omnibus
932 1140 1041 1223 patrio
1062 1140 1155 1205 strin-

140 1230 246 1314 gande
278 1228 464 1312 eomplexnl
502 1228 557 1293 sed
594 1226 675 1292 haee
708 1231 805 1312 atque
837 1227 903 1292 alia
938 1226 1036 1292 huius
1071 1226 1156 1293 modi

141 1317 336 1383 documenta
353 1316 500 1381 liberalis
516 1315 617 1381 animi
635 1317 753 1399 aliquis
768 1316 908 1381 fortasse
923 1319 957 1379 et
972 1315 1157 1400 aliquando,

141 1406 290 1490 quamuis
309 1426 416 1468 rarus:
435 1404 516 1468 illud
536 1404 574 1468 de
589 1404 800 1488 epistularum
819 1407 949 1468 tuarum
964 1403 1157 1488 eruditione,

140 1494 179 1557 de
207 1493 367 1577 poematis
394 1493 611 1575 iucunditate,
641 1493 680 1556 de
708 1493 896 1557 inuentione
923 1496 957 1556 et
985 1494 1156 1559 concinna·
1171 1497 1200 1547 ²⁰

141 1583 229 1647 tione
261 1583 332 1646 iuro
366 1581 474 1646 omnia
506 1581 589 1646 nulli
621 1603 776 1665 umquam
807 1580 968 1646 imitabile
1000 1580 1156 1665 futurum,

140 1671 202 1735 etsi
224 1670 370 1734 fateatur
396 1669 598 1734 imitandum.
644 1669 683 1732 de
707 1691 770 1753 quo
795 1669 962 1752 opusculo,
989 1673 1028 1734 ut
1056 1671 1157 1753 iubes,

138 1758 268 1824 faciam.
291 1758 491 1843 ,exquisitim
512 1759 663 1847 uniuersa
685 1757 809 1823 limabo
828 1761 861 1821 et
878 1757 1028 1841 quamuis
1048 1779 1108 1842 per
1124 1762 1156 1823 te

140 1869 254 1912 manus
278 1869 406 1913 summa
428 1846 617 1930 eontigerit,
640 1847 765 1911 eaelum
787 1845 965 1931 superfluae
984 1846 1154 1931 expolitio

138 1935 190 2000 nis
220 1934 394 2015 adhibebo,
427 1934 533 2020 magis
560 1939 598 1998 ut
624 1933 686 1998 tibi
714 1956 860 2019 paream,
892 1955 989 2017 quam
1017 1938 1057 1998 ut
1087 1955 1155 2018 per·
1170 1935 1198 1984 ²⁶

138 2023 233 2088 fectis
257 2023 378 2106 aliquid
402 2022 548 2087 adiciam.
585 2022 710 2087 interea
737 2028 861 2106 tamen,
889 2044 930 2086 ne
958 2023 1027 2086 sine
1052 2023 1156 2089 corol-

138 2112 222 2175 lario
245 2111 373 2195 poetico
396 2110 587 2175 tabellarius
611 2115 687 2175 tuus
710 2111 843 2194 rediret,
870 2111 983 2194 paucis
1007 2111 1155 2176 iambicis

138 2198 390 2283 praeludendum
413 2199 542 2281 putaui,
570 2199 647 2262 dum
670 2199 766 2279 illud,
797 2200 882 2284 quod
906 2223 925 2264 a
948 2221 1000 2263 me
1024 2199 1154 2265 heroico

139 2291 242 2351 metro
280 2286 459 2369 desideras,
495 2286 676 2352 incohatur.
722 2289 779 2353 isti
815 2292 939 2370 tamen,
976 2287 1023 2351 ita
1055 2292 1091 2352 te
1122 2292 1154 2352 et

138 2373 332 2458 Hesperium
360 2376 470 2439 saluos
497 2375 650 2459 habeam,
681 2377 766 2459 qnod
799 2377 906 2461 spatio
934 2375 1154 2441 lucubratiun·
1169 2377 1198 2426 ³⁰

137 2464 229 2528 aulae
257 2463 351 2528 unius
380 2463 486 2547 effusi,
514 2485 712 2548 quamquam
741 2464 802 2531 hoe
829 2466 893 2550 ipsi
916 2464 955 2527 de
979 2485 1015 2528 se
1038 2465 1154 2549 proba·

138 2553 233 2636 bunt,
251 2557 361 2617 tamen
374 2552 458 2617 nihil
472 2552 660 2638 diligentiae
675 2552 840 2618 ulterioris
854 2552 1048 2618 habuerunt
1071 2553 1153 2618 uale.

85 2675 140 2725 1411]
180 2657 292 2723 lambe
315 2657 446 2722 Parthis
471 2662 504 2722 et
527 2656 698 2742 Cydonum
723 2657 871 2743 spiculis,

136 2746 249 2811 Iambe
271 2746 380 2829 pinnis
404 2747 521 2811 alitum
544 2746 701 2829 ueloeior,

209 2906 241 2954 11
260 2899 321 2954 Iam
338 2901 401 2955 sne.
420 2903 486 2956 men.
504 2917 556 2957 scr.
574 2902 617 2969 Τι
637 2886 794 2972 palmatae)
811 2902 837 2956 Τ
850 2905 854 2972 ι
869 2901 946 2974 prior
962 2901 988 2956 r
1003 2901 1153 2972 pertore

155 2970 233 3025 aoior
252 2971 291 3024 M
362 2977 393 3025 12
413 2971 560 3040 appelaria
580 2972 606 3026 Τ
627 2976 674 3042 (sp
692 2990 727 3028 ex
745 2973 781 3028 ab
799 2975 843 3028 uel
862 2973 899 3028 ad
915 2973 961 3028 uel
978 2973 1007 3028 al
1029 2972 1066 3044 T)
1088 2988 1153 3043 aps·

135 2989 208 3097 laria
226 3041 296 3096 GM
313 3056 381 3096 corr.
393 3040 517 3112 Seoliyer
533 3048 537 3108 Ι
553 3059 652 3098 suecos
667 3044 694 3097 Z
765 3050 798 3099 18
818 3044 893 3112 quod
908 3044 935 3097 Z
950 3060 1020 3100 corr.
1031 3044 1126 3099 Poris.

134 3110 307 3182 hospitabile
329 3111 354 3166 T
421 3117 454 3166 11
473 3116 504 3166 tu
523 3114 566 3185 ut]
586 3115 619 3168 ut
637 3131 687 3169 mn.
708 3115 777 3168 TM
837 3121 870 3169 lo
889 3115 1041 3170 debendae
1061 3115 1128 3170 GM

136 3186 152 3237 ὁ
171 3188 210 3238 ter
231 3183 274 3249 ΤΙ
290 3181 447 3252 gratiarum
463 3185 500 3237 M
517 3189 542 3238 et
555 3184 704 3251 Hessos,
723 3187 775 3255 gia
796 3187 822 3241 T
837 3185 946 3254 gratiae
967 3185 994 3241 G
1051 3192 1085 3242 1s
1102 3186 1150 3240 ho·

134 3253 256 3308 minibus
266 3254 335 3309 GM
387 3259 419 3307 11
434 3253 487 3309 hoe
500 3254 526 3308 T
579 3260 611 3309 18
626 3255 741 3326 aliquis:
754 3262 887 3325 ponebam
901 3273 984 3324 super
998 3274 1011 3309 s
1025 3259 1060 3311 ηε·
1072 3259 1093 3324 f.
1108 3258 1149 3327 Tl

134 3324 254 3380 fortasse
277 3323 437 3379 imitabitur
456 3325 571 3381 Schenkl
644 3333 677 3382 19
701 3327 883 3397 epistolarum
903 3329 930 3381 Z
1000 3333 1036 3382 10
1055 3329 1151 3383 ioeun·

135 3395 223 3450 ditate
246 3397 312 3450 TM
331 3396 566 3466 {continuatione
588 3397 615 3453 G
637 3399 847 3453 continuatione
868 3399 905 3452 M
957 3398 1085 3453 arnulli
1102 3398 1150 3453 nd·

135 3483 220 3535 quam
241 3466 267 3520 T
317 3473 351 3522 28
372 3466 539 3536 exquisitius
560 3468 629 3523 GM
683 3474 718 3523 26
738 3468 872 3538 adjiciam
893 3467 919 3522 G
940 3472 945 3535 Ι
968 3468 1151 3524 eorolarioG

134 3537 270 3592 eorelerio
291 3538 328 3590 M
380 3543 415 3592 29
433 3538 563 3592 incoatur
582 3540 620 3594 M
636 3539 785 3595 inchoatur
805 3540 831 3595 T
882 3546 916 3594 30
936 3556 992 3607 quo
1010 3541 1103 3609 spatio
1117 3538 1155 3594 M

170 3649 203 3698 31
221 3614 305 3697 sdffnsi
323 3610 405 3697 dnius
427 3643 452 3698 Τ
472 3643 477 3713 Ι
502 3645 573 3699 haee
595 3644 652 3701 Te
665 3648 674 3716 ΙΙ

205 3732 249 3785 Ad
267 3732 391 3786 iambum
411 3747 524 3787 osunen
542 3749 624 3787 suum
641 3733 666 3788 T
683 3735 799 3804 (minio),
815 3734 905 3791 Gom.
920 3733 958 3787 M
1020 3739 1034 3787 1
1056 3736 1152 3791 lumbe

133 3803 280 3944 {nagnam
289 3818 351 3928 aser.
374 3803 418 3872 T!
437 3803 528 3872 pertis
549 3803 592 3873 Tl
616 3803 759 3874 Cydonum
779 3807 923 3861 Amantius
941 3804 1074 3861 sinodum
1092 3806 1120 3861 Ζ
