2430 4274
493 551 535 562 -·
582 534 668 582 CVIII
714 552 756 562 -

120 677 185 743 383
208 677 396 742 Maximus
433 680 621 761 tyrannus
657 676 744 739 intra
775 672 962 739 Britannias
995 676 1139 759 sumpsit

209 765 390 850 imperium,
413 763 572 829 Treueros
592 765 773 848 ingreditur
791 763 897 829 uictor
915 763 1026 848 ibique
1045 763 1137 849 degit

208 850 326 921 (Sulpic.
346 851 439 906 Seuer.
458 850 553 907 chron.
569 849 651 918 1149,
667 856 690 905 5.
707 852 741 918 6).

120 944 185 1010 383
206 945 225 1009 8
245 942 298 1009 ΚΙ.
316 940 404 1027 Sept.
431 940 644 1006 Gratianus
667 941 836 1026 Augustus
859 940 1010 1025 Lugduni
1036 939 1138 1005 inter·

210 1033 327 1113 fectus,
351 1030 602 1096 Valentinianus
625 1029 722 1094 Italia
746 1030 897 1113 expulsus
921 1038 1010 1103 (Oros.
1025 1038 1138 1107 Vnae,

213 1124 253 1174 10.
268 1117 390 1188 Epitom.
405 1122 448 1184 47,
465 1123 488 1171 7.
503 1116 667 1170 Ambrosius
681 1115 713 1169 in
727 1115 828 1170 Psalm.
843 1114 917 1169 ΙιΧΙο
932 1121 1045 1182 17-28,
1065 1115 1138 1169 eins-

212 1189 275 1244 dem
294 1188 376 1259 epist,
396 1187 433 1240 ad
451 1186 680 1242 Valentinianum
699 1187 754 1255 (ed.
769 1185 868 1242 Venet.
884 1185 924 1240 Ill
940 1187 1003 1255 945)
1022 1190 1051 1241 51
1064 1183 1136 1241 Con-

211 1259 313 1315 solatio
332 1260 366 1313 de
386 1258 465 1314 obitu
483 1257 676 1312 Valentiniani
694 1274 717 1311 c.
733 1263 766 1310 79
785 1261 815 1312 et
832 1260 885 1325 80).

212 1334 408 1397 Ausonius
440 1331 619 1415 tyrannicis
651 1331 852 1415 temporibus
884 1331 1033 1395 Treueris
1067 1335 1137 1394 erat

211 1444 285 1486 cnm
316 1422 383 1485 filio
412 1418 585 1504 Hesperio,
618 1420 673 1503 qui
704 1420 834 1504 longius
862 1420 924 1483 iter
952 1418 1137 1502 ingrediens

211 1509 422 1594 Burdigalam
452 1514 575 1592 patrem
604 1510 722 1586 solnm,
756 1508 905 1592 quamuis
934 1511 1028 1572 coetu
1057 1508 1138 1571 cele-

209 1598 339 1664 bratum
359 1598 472 1678 amico,
495 1600 718 1680 maestumque
736 1596 893 1680 relinquit
911 1604 973 1676 (Ep.
988 1605 1039 1659 XX
1054 1605 1135 1660 inser.

211 1688 241 1741 et
259 1702 285 1740 n.
302 1691 325 1739 7.
353 1702 380 1738 n.
397 1689 442 1737 19:
461 1687 594 1751 totusque
613 1682 683 1738 mihi
701 1681 742 1736 sio
761 1698 850 1737 annue
867 1681 966 1750 abibit,
984 1682 1138 1736 restituant

212 1756 301 1811 donec
323 1758 374 1809 tna
397 1771 441 1808 me
464 1754 517 1809 tibi
540 1754 600 1809 1515
622 1756 767 1824 parentem
788 1779 823 1798 =
841 1754 931 1807 donec
954 1769 1007 1823 ego
1026 1769 1138 1821 qnoque

213 1826 395 1897 Burdigalam
414 1825 563 1894 ueniaml).

122 1908 186 1967 383
211 1899 412 1985 (temporibus
443 1904 624 1980 tyrannicis,
660 1904 721 1963 iam
753 1903 872 1964 deuicto
905 1903 957 1962 sed
989 1902 1139 1962 incertum

212 1998 315 2053 utrum
343 1993 413 2052 uiuo
442 2012 480 2052 an
509 1993 606 2052 occiso
630 1986 803 2071 Gratiano):
832 1992 995 2068 epistula
1017 1991 1072 2049 XX
1096 1990 1139 2049 ad

212 2083 348 2157 filium,
372 2081 424 2158 qui
447 2080 485 2140 ad
508 2081 639 2157 patriam
661 2083 728 2140 erat
750 2081 911 2158 proiectus.
943 2084 1045 2149 (minus
1063 2086 1139 2139 recte

216 2165 280 2232 post
297 2163 351 2216 boc
365 2163 477 2230 tempus
491 2161 597 2215 nnllam
612 2161 741 2230 Hesperii
755 2160 919 2216 memoriam
933 2160 1049 2241 reperiri
1064 2161 1140 2214 dixe-

213 2237 292 2296 runt;
311 2250 376 2287 narn
395 2250 439 2301 ep.
454 2231 545 2285 XVIII
564 2233 600 2285 ad
615 2232 780 2302 Hesperium
800 2250 864 2286 oum
882 2231 992 2286 deliciis
1012 2232 1097 2285 missa
1112 2233 1142 2285 et

212 2321 255 2373 ep.
270 2302 349 2358 XXV
367 2304 401 2357 ad
416 2302 573 2370 Paulinum,
593 2304 671 2357 cuins
689 2303 719 2357 in
732 2303 819 2373 praef.
839 2308 872 2357 29
887 2302 939 2356 filii
953 2319 1054 2357 nomen
1069 2301 1140 2371 legi·

211 2377 258 2429 tur
280 2373 348 2443 („ita
371 2390 400 2429 se
424 2379 453 2429 et
471 2373 635 2443 Hesperium
655 2374 763 2428 saluum
782 2375 930 2444 habeam⁸‘)
948 2390 1005 2428 non
1023 2372 1140 2427 dubium

212 2447 280 2514 quin
300 2462 333 2501 ex
352 2445 410 2500 otio
429 2445 624 2515 Burdigalensi
643 2442 765 2514 scriptae
783 2446 860 2515 sint.)

125 2519 191 2587 385
214 2519 426 2605 Hesperius
459 2542 488 2584 u.
521 2521 541 2583 i.
574 2541 680 2584 comes
714 2517 911 2605 (Symmacb.
944 2539 993 2602 ep.
1016 2516 1046 2581 X
1071 2514 1138 2602 23.)

214 2610 351 2674 Ausonii
375 2631 414 2673 ex
432 2608 592 2691 Hesperio
611 2609 679 2672 filio
701 2629 811 2745 nepos,
834 2611 872 2671 ut
895 2607 1023 2670 uidetur
1051 2614 1139 2683 (quod

214 2694 342 2761 Sonchay
356 2693 392 2748 ad
407 2695 510 2749 Aaron.
525 2693 576 2764 Ep.
586 2693 639 2747 XX
654 2693 724 2748 dicit
757 2695 872 2762 epatre,
886 2692 992 2762 pariter
1001 2693 1091 2760 possit
1102 2691 1139 2744 ad

212 2764 301 2819 filium
320 2767 478 2833 pertinere).
511 2765 593 2819 buius
611 2764 658 2818 nel
675 2763 750 2817 filins
768 2765 815 2818 uel
833 2780 920 2833 nepos
938 2762 1025 2816 fuisse
1043 2765 1140 2831 potest

214 2836 238 2888 is
257 2836 420 2904 Hesperius,
445 2835 554 2903 dequo
573 2836 716 2891 decretum
735 2834 909 2905 proconsulis
928 2834 1051 2888 Achaiae
1071 2831 1139 2887 CIL

212 2906 251 2959 lIl
266 2911 318 2960 568
338 2907 470 2973 loquitur.

125 2979 192 3046 385
215 2978 492 3044 Priscillianus
517 3001 590 3044 cum
613 2979 710 3045 sociis
734 2980 848 3064 capitis
871 2979 1053 3062 damnatus,
1075 2976 1141 3042 Eu·

215 3068 342 3133 chrotia
356 3089 482 3153 quoque
497 3068 607 3150 gladio
621 3071 789 3152 perempta
804 3076 919 3147 (Sulpio.
935 3077 1028 3132 Seuer.
1045 3076 1141 3130 chron.

215 3153 294 3221 1151,
309 3159 377 3221 tsq.
392 3154 458 3208 dial.
469 3152 508 3206 III
520 3160 550 3208 11
561 3171 621 3223 sqq.
640 3154 739 3209 Pacati
748 3171 847 3225 paneg.
859 3159 901 3209 29.
917 3153 989 3208 Prol.
1001 3158 1025 3222 5,
1037 3158 1070 3207 37
1079 3154 1141 3220 sq).

125 3235 216 3311 paulo
238 3235 308 3309 post
333 3234 395 3293 385
430 3233 681 3292 Professorum
709 3232 1032 3310 Burdigalensium
1060 3250 1142 3290 con-

213 3322 429 3381 memoratio
459 3325 493 3395 (5,
509 3333 542 3382 37
561 3325 731 3381 Enchrotiae
755 3343 847 3396 poena
864 3322 1055 3389 memoratur).
1092 3320 1142 3378 his

214 3430 275 3469 non
298 3411 393 3470 multo
416 3414 486 3486 post
510 3411 665 3470 subiunxit
687 3411 884 3487 Epitaphia
906 3412 1033 3469 heroum
1055 3408 1142 3467 Troi-

216 3516 320 3558 oornm
341 3502 446 3559 1-26
476 3501 553 3567 (nam
576 3520 648 3572 qnae
672 3505 802 3558 secuntur
821 3503 888 3573 epit.
908 3507 1022 3558 27-35
1041 3503 1143 3572 postea

217 3580 277 3634 sine
296 3580 332 3634 ab
351 3579 412 3649 ipso
432 3577 491 3634 siue
511 3581 547 3635 ab
565 3579 714 3634 heredibus
733 3580 845 3634 adiecta
863 3578 1002 3647 uidentur,
1023 3579 1055 3631 nt
1073 3577 1142 3647 epit.

217 3657 251 3704 33
268 3652 343 3718 (155)
366 3651 456 3705 multo
480 3656 546 3706 ante
568 3655 619 3706 ant
641 3651 785 3705 conditum
804 3650 840 3705 ab
858 3651 921 3720 ipso
940 3649 1064 3704 Ausonio
1083 3650 1141 3716 ant,

217 3722 292 3788 qnod
311 3722 426 3791 propina
445 3739 463 3776 a
481 3737 548 3777 uero
567 3721 687 3789 uidetur,
707 3738 741 3776 ex
760 3722 867 3777 Graeco
886 3724 1069 3786 conuersum).

126 3794 265 3878 386s381
289 3799 371 3876 Sept.
405 3800 664 3860 Genethliacos
693 3801 735 3860 ad
757 3805 924 3877 nepotem
947 3803 1052 3869 (idibus
1074 3803 1143 3872 Sep-

215 3881 314 3936 tembr.
342 3882 367 3935 is
391 3881 481 3936 XV¹¹¹¹¹
504 3898 607 3936 annum
632 3881 805 3937 absolueret:
834 3887 869 3937 20
893 3885 972 3937 sexes
993 3878 1048 3935 libi
1070 3878 1142 3933 haec
