2430 4274
456 583 698 649 -243-

225 742 291 826 „Vt
314 743 443 829 genitor
464 744 635 829 Augustus
659 742 748 807 dedit

227 830 375 917 Collegio
397 833 478 912 nati,
491 832 647 915 Probum,

225 920 278 986 Sic
302 919 476 987 Gratianus
499 920 585 986 hunc
607 940 730 985 nouum

225 1008 327 1093 Stirpi
350 1008 478 1074 futurae
503 1009 661 1094 copulet.“

224 1097 310 1163 Rata
333 1103 411 1162 sunt
433 1098 558 1182 futura,
580 1118 663 1182 quae
683 1098 813 1183 loquor:
1030 1111 1081 1162 100

225 1185 278 1252 sic
301 1187 419 1251 merita
441 1186 603 1252 factorum
626 1185 749 1252 iubent.

224 1273 369 1340 Setiam
392 1278 429 1339 ut
451 1275 604 1359 loquatur
626 1273 743 1361 Iulius,

225 1362 328 1428 Fundi
351 1364 482 1428 modum
505 1364 611 1429 inuita
634 1363 754 1448 accipe,

223 1451 417 1536 Volucripcs
441 1452 609 1537 dimetria,

223 1538 380 1625 Haueque
405 1539 492 1607 dicto
518 1539 570 1607 dic
593 1542 675 1606 uelc.
1029 1555 1080 1605 105

10 1749 68 1791 m
82 1750 184 1874 {⁴⁰⁸3
194 1753 377 1877 :vappam
395 1819 671 1877 GRAMMAI'ICVM
689 1818 932 1878 Tuuvllcouvu
950 1817 1011 1874 OVI

125 1897 290 1957 STRENAS
308 1898 493 1956 KALENDIS
511 1899 701 1957 IANVARIIS
720 1900 768 1955 AB
786 1894 1026 1956 IMPERATORE

330 1980 408 2035 NON
426 1981 545 2036 DATAS
564 1980 680 2035 REDDI
698 1981 814 2037 uuclu.

61 2124 191 2190 Primus
214 2125 344 2191 iucundi
368 2126 432 2191 fuit
454 2127 508 2190 hic
530 2126 591 2192 tibi
614 2125 739 2192 fructus
762 2127 897 2193 honoris

106 2213 275 2299 Augustae
298 2215 443 2279 faustum
466 2236 583 2280 munus
606 2214 726 2281 habere
750 2237 875 2281 manus.

62 2301 235 2368 Proximus
260 2325 298 2367 ex
322 2303 422 2388 longo
446 2304 566 2388 gradus
591 2309 642 2369 est
664 2306 847 2388 quaestoris
872 2302 967 2368 amici

108 2388 228 2456 Curam
251 2413 311 2474 pro
335 2392 452 2457 strenis
477 2391 667 2457 excubuisse
688 2392 763 2457 tuis.

59 2477 153 2564 Ergo
175 2480 371 2564 interceptos
395 2481 506 2566 regale
529 2481 692 2544 nomisma
714 2480 883 2564 Philippos
1062 2493 1078 2541 5

107 2569 228 2652 Accipe
250 2571 302 2633 tot
323 2590 472 2653 numero,
496 2572 576 2654 quot
599 2568 661 2633 duo
685 2567 867 2652 Geryonem

60 2655 150 2733 Quot
172 2659 259 2721 terni
281 2658 408 2742 biiuges
433 2658 630 2741 demptoque
653 2657 772 2721 triente
797 2655 957 2722 Camenae

106 2744 260 2829 Quotque
283 2768 380 2829 super
403 2751 523 2810 terram
548 2745 654 2810 sidera
676 2744 814 2829 zodiaci3

60 2833 151 2910 Quot
174 2835 347 2898 commissa
370 2835 449 2898 uiris
472 2833 621 2899 Romana
642 2834 836 2919 Albanaque
857 2831 929 2897 fata

107 2920 258 3006 Quotque
282 2923 376 2988 doces
400 2923 489 2988 horis
513 2926 654 3007 quotque
677 2923 765 2988 domi
788 2921 923 3005 resides3
1045 2935 1078 2986 ιο

132 3112 198 3168 xm
218 3119 234 3169 s
252 3112 348 3169 Horat.
368 3111 419 3184 Ep.
439 3111 465 3166 Π
486 3118 509 3181 1,
530 3119 583 3168 aes

133 3295 168 3347 98
186 3291 311 3417 futurapp
330 3291 459 3346 fortunae
481 3290 507 3346 θ
581 3296 631 3345 101
654 3290 792 3345 factorum
813 3291 912 3360 Perper
940 3293 970 3346 et
986 3290 1078 3346 fatum

56 3364 86 3419 Ζ
104 3361 156 3431 (sic
174 3361 265 3418 atum
310 3364 438 3428 causus,
478 3378 511 3416 ue
531 3364 560 3417 et
577 3363 667 3416 fatum
686 3361 810 3429 Schenkl)
832 3363 837 3430 Ι
856 3362 936 3419 iubet
954 3363 981 3415 Z
996 3361 1077 3418 iubet

59 3434 156 3490 Paris.
230 3437 281 3488 1οἏ
301 3433 363 3505 sed]
383 3433 424 3488 sic
541 3438 593 3488 104
621 3431 793 3502 uolucripee:
823 3449 836 3486 a
859 3434 891 3487 in
913 3450 932 3487 n
950 3434 987 3489 al.
1006 3449 1074 3490 corr.

56 3504 86 3560 T
159 3508 211 3561 105
229 3519 281 3559 ane
301 3504 425 3574 Zlfinit
442 3504 563 3560 admi

131 3591 196 3646 XIII
214 3594 394 3650 Treuirorum
414 3591 483 3647 Tm
498 3608 548 3648 om.
568 3591 676 3661 Glcui
693 3593 826 3665 Luydun.
845 3592 923 3648 cuius
943 3594 970 3647 Z
1004 3594 1074 3650 Kl'ie
1089 3598 1118 3650 Ζ

56 3663 85 3719 Τ
105 3663 171 3718 Kal’
189 3665 216 3720 θ
231 3666 236 3734 Ι
252 3683 306 3720 ur.
325 3664 350 3718 Τ
370 3663 512 3718 ianuarias
526 3663 575 3734 Gn
591 3670 604 3718 1
623 3662 737 3719 iocundi
751 3664 789 3717 M
805 3663 923 3719 mdundi
942 3665 968 3719 Τ
1002 3665 1077 3721 foret

53 3737 84 3792 Z
99 3735 157 3791 fuit
169 3735 322 3802 Auectius,
339 3736 403 3791 fuat
422 3733 482 3789 Tou
543 3738 610 3789 am
627 3752 713 3805 muro.
728 3736 762 3804 †
783 3735 808 3788 Τ
865 3743 968 3791 scura
987 3735 1054 3790 ΤΜ

52 3806 198 3880 prosternis
218 3807 245 3862 Τ
304 3814 321 3862 b
341 3806 480 3861 numisma
499 3804 554 3860 To
617 3813 633 3861 6
652 3806 780 3876 geriones
799 3806 827 3861 Ζ
887 3813 901 3861 7
921 3807 1005 3863 dente
1019 3805 1057 3861 M

53 3879 235 3936 eemoeneT
303 3884 392 3946 8que
411 3893 462 3934 om.
483 3876 655 3945 Misydera
675 3875 897 3946 GlaoadiciM
964 3875 1076 3941 eiecta

53 3955 117 4022 (pr.
137 3965 153 4006 c
172 3948 280 4020 dem
351 3955 386 4004 10
403 3963 458 4018 que
477 3947 620 4018 tuocum
636 3963 687 4004 om.
706 3948 745 4002 Μ

863 4034 920 4093 IS*
