2430 4274
1162 312 1181 335 f

527 530 679 597 -368
729 564 767 575 -

135 692 288 777 positum.
326 690 419 756 nulla
442 688 528 755 enim
552 691 602 755 est
619 689 768 775 equidem
792 687 991 755 contumelia
1012 688 1153 774 secundi,

136 780 191 847 sed
216 780 251 844 iu
274 780 399 845 duobus
422 779 528 864 gloria
550 799 672 865 magne
694 777 843 864 praelati.

57 878 124 920 XXV
203 867 295 934 XIII.
318 867 496 933 Alexandri
510 865 696 934 Macedonis
715 867 777 932 hoc
795 865 913 948 fertur,
931 887 1006 931 cum
1019 865 1155 953 legisset

78 936 112 988 ⁶⁹
129 957 205 1023 illos
228 956 340 1024 uersus
359 956 561 1036 Homericos,
582 957 700 1042 quibus
717 954 858 1021 Hectore
879 961 1084 1040 prouocante
1105 957 1143 1023 de
1164 974 1199 1017 esu

135 1069 254 1113 nouem
278 1046 429 1124 ducibus,
458 1046 513 1130 qui
536 1067 648 1111 omues
671 1065 817 1129 pugnare
840 1044 1032 1130 cupiebant,
1055 1066 1153 1111 uuum

135 1135 236 1222 deligi
258 1135 403 1220 placeret
426 1134 525 1200 sortis
553 1137 685 1217 euentu,
713 1133 842 1217 trepide
864 1134 922 1198 ubi
946 1134 1152 1201 contentione

134 1229 287 1290 uotorum
319 1222 432 1289 Iouem
466 1224 627 1306 optimum
659 1222 838 1287 maximum
873 1225 965 1289 totus
1002 1228 1153 1307 precatur

134 1313 304 1396 exercitus,
327 1314 364 1376 ut
378 1311 511 1377 Aiacem
532 1311 585 1376 uel
598 1310 699 1395 Tydei
717 1311 820 1375 filium
839 1314 896 1376 aut
914 1310 1026 1396 ipsum
1043 1332 1151 1398 regem

134 1400 250 1466 ditium
282 1400 492 1484 Mycenarum
530 1401 641 1465 sortiri
677 1399 823 1484 patiatur
853 1399 1195 1484 Agamemnonemzss

134 1489 326 1572 occiderem,
354 1489 473 1574 iuquit,
502 1489 608 1573 illum,
631 1489 687 1574 qui
709 1509 761 1553 me
783 1488 918 1554 tertium
940 1487 1152 1554 nominasset

81 1600 154 1657 60⁰
177 1576 483 1663 magnanimitatem
505 1577 680 1643 fortissimi
702 1577 780 1642 uiri!
803 1577 969 1642 nominari
990 1576 1079 1642 inter
1099 1598 1152 1643 no·

133 1688 207 1732 uem
230 1668 347 1733 tertius
371 1667 557 1751 recusabat3
584 1667 640 1733 ubi
664 1669 750 1731 certe
772 1665 920 1750 pluribus
943 1666 1153 1732 antecelleret

134 1776 232 1841 quam
273 1755 430 1821 subesset.
480 1757 604 1841 quanta
638 1755 692 1820 hic
729 1753 922 1821 uerecundia
958 1760 1152 1839 graumetur

134 1844 298 1929 posterior
319 1845 358 1910 de
377 1844 524 1909 duobus?
549 1849 600 1909 est
622 1844 707 1908 euim
730 1843 764 1908 in
786 1843 849 1909 hoc
871 1864 1007 1909 numero
1032 1842 1196 1910 ardusesr

133 1934 231 2017 plena
260 1933 461 2017 dignationis
491 1932 618 1998 electio.
663 1954 736 1998 cunr
765 1932 925 1997 uniuersis
954 1932 1150 1998 mortalibus

134 2020 212 2104 duo,
235 2022 290 2107 qui
312 2021 396 2085 fiant
419 2023 580 2106 consules,
603 2022 842 2106 praeferuntur,
865 2021 921 2106 qui
940 2020 1038 2087 alteri
1058 2043 1151 2106 prae·

41 2122 120 2163 xm
135 2111 279 2194 ponttur,
306 2132 372 2177 non
394 2109 464 2193 uui,
489 2111 545 2175 sed
568 2111 719 2176 omuibus
743 2109 933 2174 autefertur.
980 2113 1150 2195 expectare

82 2180 114 2229 ⁶¹
134 2219 220 2264 nunc
246 2220 339 2263 aures
367 2199 587 2282 praesentium
616 2200 682 2266 ecio
711 2203 745 2265 et
772 2198 913 2263 eminere
939 2199 975 2262 in
1003 2200 1149 2264 omnium

133 2287 226 2352 uultu
248 2287 419 2373 intellego,
443 2288 528 2373 quod
552 2288 711 2354 desiderio
734 2289 936 2372 concipiatur
956 2287 1195 2354 animorumse

134 2376 323 2442 existimant
355 2378 457 2461 euim,
489 2399 562 2443 cum
595 2399 645 2462 ea,
678 2400 760 2462 quae
792 2376 834 2440 ad
866 2380 975 2461 grates
1005 2374 1150 2462 agendas

133 2467 355 2550 pertinebant,
379 2466 568 2531 summatim
593 2470 626 2531 et
648 2467 796 2532 tenuiore
819 2465 889 2548 filo,
917 2465 1002 2531 sicut
1026 2464 1151 2548 dicitur,

134 2555 272 2622 deducta
290 2556 476 2633 libauerim,
499 2556 610 2640 aliqua
627 2577 679 2620 me
698 2554 797 2621 etiam
816 2554 855 2619 de
871 2553 1058 2629 maiestatis
1077 2560 1152 2621 tuae

83 2673 116 2724 02
135 2644 287 2710 laudibus
319 2645 434 2709 debere
467 2643 697 2730 perstringere.
742 2666 938 2730 quamquam
971 2665 1025 2708 me
1055 2643 1151 2709 istam

136 2733 272 2798 dixerim
295 2734 478 2819 seposuisse
502 2733 671 2798 materiam
690 2735 776 2800 etin
794 2738 921 2816 tempus
940 2732 1031 2797 aliud
1049 2754 1151 2798 reser-
1162 2754 1196 2795 coe

134 2842 221 2887 uere.
257 2818 468 2887 nibilominus
495 2825 618 2907 tamen,
648 2825 685 2888 ut
707 2844 793 2887 nuuc
821 2822 928 2906 aliqua
952 2821 1152 2907 contingam,

134 2914 216 2975 nutu
239 2915 273 2974 et
295 2932 396 2994 prope
425 2932 588 2976 murmure
617 2912 838 2977 cohortentur.
884 2910 993 2994 itaque
1023 2909 1151 2992 faciam,

135 2997 264 3083 quando
302 3003 424 3083 cogunt
460 3000 640 3085 uolentem,
681 3001 736 3065 sed
772 2998 951 3063 maioribus
989 2999 1149 3083 separetis

205 3140 572 3244 wmwwa

205 3250 257 3300 397
276 3244 373 3298 Horat.
392 3262 436 3315 ep.
455 3244 481 3299 Il
502 3251 525 3313 1,
545 3251 597 3300 ‘225
616 3245 694 3301 tenui
713 3246 834 3301 deducta
851 3247 986 3314 poemata
1003 3244 1063 3300 filo.

206 3411 257 3460 877
277 3405 351 3459 enim
369 3420 419 3461 om.
440 3405 475 3459 M
490 3407 494 3470 1
511 3405 640 3475 equidem
659 3405 686 3459 Z
701 3406 813 3475 quidem
832 3405 978 3461 Acontius
1052 3409 1104 3461 8⁷8
1122 3403 1149 3458 in

136 3474 245 3530 duobus
266 3476 333 3531 ΤΜ
352 3476 381 3531 iu
399 3491 450 3532 om.
473 3475 499 3531 θ
517 3494 552 3532 ex
570 3475 678 3532 duobus
696 3478 850 3534 Ferrarius

206 3545 272 3601 XIII
290 3553 343 3603 380
358 3548 515 3603 homericos
529 3564 626 3604 uersus
637 3548 673 3603 M
678 3547 704 3603 G
720 3549 724 3619 Ι
741 3550 775 3603 de
788 3548 853 3604 Tm
862 3548 948 3604 ouaG
967 3565 982 3604 e
997 3546 1150 3605 Ferrarius

135 3621 187 3672 382
207 3619 386 3674 contentione
408 3618 434 3672 T
458 3620 641 3690 conceptione
660 3620 726 3675 ΜΘ
797 3625 850 3676 384
867 3619 939 3675 tidei
961 3619 1030 3674 ΤΠ
1098 3621 1149 3673 387

134 3688 307 3745 micenarum
319 3690 345 3743 Z
359 3692 363 3754 Ι
380 3690 475 3745 sortiri
487 3691 513 3746 G
531 3691 600 3747 sorti
613 3690 679 3744 ΤΜ
729 3697 782 3746 390
801 3692 889 3746 ardua
905 3688 993 3761 plane
1002 3689 1151 3746 Acidaliae

170 3766 222 3817 895
240 3760 371 3830 intelligo
389 3761 415 3814 Ζ
453 3762 528 3830 quod
547 3763 574 3816 Z
590 3760 659 3845 quid
677 3762 826 3819 Addcb'us
845 3763 851 3832 Ι
870 3759 1070 3832 concipiantur
1087 3758 1150 3816 10

168 3838 221 3887 397
240 3831 401 3902 pertinebat
460 3833 515 3902 {et
532 3832 672 3958 tsnmoer
697 3833 728 3889 et
745 3850 793 3889 ore
813 3833 840 3889 Z
859 3831 989 3889 tenuiore
1006 3831 1151 3889 Auernae

135 3902 249 3972 (abiecto
267 3904 319 3972 et),
339 3905 369 3958 et
385 3904 527 3973 saecat!
548 3904 623 3960 sicut
672 3905 711 3959 Μ
731 3905 764 3959 fit
777 3904 805 3960 θ
825 3907 858 3959 ut
875 3903 1032 3960 Μανίαν
