2430 4274
368 13 1205 294 Ε-

211 713 283 781 Hoc
306 718 414 780 autem
439 715 479 779 ad
498 716 664 800 exemplar
682 737 794 782 omnes
818 719 977 800 quotquot
997 715 1156 782 habemus

144 804 245 869 libros
269 803 475 868 Ausonianos
499 804 603 868 redire
625 804 705 868 mihi
729 804 857 888 quidem
880 825 1073 890 persuasum
1097 809 1156 871 est.

145 914 282 977 quorum
306 892 385 957 duas
408 892 502 958 uideo
525 893 721 977 principales
740 915 811 958 esso
830 893 960 976 classes,
984 891 1156 958 alteraml

144 982 434 1046 decurtatorum
454 1004 473 1046 a
491 981 584 1065 fine,
608 982 661 1046 uel
684 1002 804 1065 eorum,
827 981 881 1065 qui
904 981 994 1046 ducti
1018 985 1095 1046 sunt
1117 1002 1155 1047 ex

145 1069 371 1154 antiquissimo
402 1071 458 1134 illo
488 1069 610 1153 codice,
640 1069 692 1135 cui
722 1070 848 1153 abrepti
877 1070 1018 1134 fuissent
1046 1069 1155 1135 ultimi

145 1159 383 1243 quaterniones,
411 1159 444 1223 in
468 1157 584 1242 quibus
608 1158 762 1243 pleraque
785 1155 865 1243 (non
888 1157 1046 1243 omnia*),
1074 1179 1155 1244 quae

140 1252 220 1330 post
238 1248 375 1311 alteram
394 1247 570 1312 editionem
586 1250 798 1329 accesserant,
817 1268 890 1312 cum
904 1251 997 1331 parte
1011 1247 1155 1331 priorum

143 1335 352 1420 legebantur,
376 1336 513 1400 alteram
536 1335 569 1400 ΙΙ
593 1356 713 1418 corum,
736 1336 792 1419 qui
815 1336 983 1401 deriuati
1007 1339 1085 1400 sunt
1112 1356 1155 1399 ex

142 1424 241 1507 ipsis
274 1424 335 1487 his
368 1424 519 1488 ultimis
552 1424 892 1508 quaternionibus,
925 1423 1041 1508 quibus
1079 1444 1155 1488 mox

143 1512 315 1577 adiunctae
334 1517 409 1576 sunt
431 1513 568 1576 laciniae
592 1511 710 1576 codicis
736 1513 869 1577 alicuius
893 1513 978 1577 carie
998 1533 1035 1576 aa
1056 1512 1154 1577 tineis

144 1600 248 1683 adesi,
271 1601 380 1664 nescio
404 1622 446 1664 an
470 1600 625 1683 eiusdem,
648 1601 738 1665 cuius
762 1601 826 1685 ipsi
849 1601 929 1665 olim
951 1600 1092 1665 fuerant

208 1687 385 1773 Vtriusque
413 1692 522 1754 autem
550 1689 664 1755 classis
689 1689 803 1767 libros,
832 1711 870 1753 ex
894 1689 1011 1774 quibus
1035 1688 1155 1772 plenis·

143 1778 217 1842 simi
246 1782 321 1842 sunt
352 1778 427 1843 hino
451 1776 645 1860 Vossianus,
673 1777 763 1842 illinc
791 1776 952 1860 Tilianus,
980 1776 1021 1842 ab
1046 1775 1153 1842 arche·

142 1867 231 1950 typis
265 1866 332 1931 suis
347 1866 351 1872 ’
364 1889 421 1950 per
453 1868 656 1932 saeculorum
686 1888 815 1931 cursum
847 1867 958 1930 multis
988 1866 1070 1931 locis
1101 1863 1154 1930 de-

142 1953 278 2018 sciuisse
301 1955 377 2038 quid
401 1954 540 2019 mirum?
576 1977 653 2018 nam
682 1960 715 2019 et
737 1955 880 2019 omissa
903 1958 979 2019 sunt
1001 1954 1154 2036 carmina,

141 2041 230 2107 utin
251 2040 448 2108 Vossiano
467 2042 641 2108 Theodosii
661 2042 810 2128 epistula,
833 2043 930 2127 primi
950 2064 1064 2108 uersus
1084 2062 1152 2107 car·

142 2129 239 2194 minis
259 2131 343 2214 quod
362 2131 557 2216 sequebatur
575 2130 770 2214 Hesiodion,
789 2131 827 2195 de
847 2131 1011 2196 mensibus
1031 2131 1153 2216 ecloga,

142 2241 239 2302 quam
266 2241 368 2303 paene
396 2220 500 2284 solam
523 2241 561 2284 cx
592 2221 711 2304 eclogis
735 2221 881 2286 seruauit
903 2221 1005 2285 altera
1028 2220 1152 2302 classis,

140 2305 317 2372 Caesarum
340 2308 413 2372 finis
437 2306 527 2392 (nam
551 2309 592 2373 ab
615 2310 688 2393 ipso
712 2307 860 2374 Ausonio
884 2310 956 2392 quis
981 2308 1153 2372 credetne

140 2397 367 2461 tetrastichum
390 2397 519 2480 quidem
537 2397 689 2462 ultimum
709 2418 779 2462 esse
798 2393 1030 2480 absolutumil,
1053 2417 1151 2480 porro

140 2483 268 2549 Paulini
282 2507 394 2550 uersus
404 2485 464 2569 Ep.
474 2484 566 2550 XXX
580 2509 632 2552 uu.
641 2486 784 2570 49-68,
799 2507 926 2551 carmen
942 2485 981 2549 do
996 2484 1154 2570 ambigui-

140 2575 208 2637 tate
229 2574 315 2639 uitae
339 2597 391 2639 uu.
418 2575 560 2658 18-23,
584 2575 649 2640 alia
673 2579 705 2639 et
727 2575 865 2640 Ausonii
884 2578 917 2639 et
935 2572 1063 2638 Paulini
1087 2594 1154 2638 car·

140 2662 237 2744 minu,
252 2685 334 2746 quae
349 2665 383 2726 in
393 2663 603 2747 Lugdunensi
618 2664 736 2742 codice,
751 2663 905 2728 Vossiani
920 2662 974 2747 qui
988 2661 1097 2727 nescio
1112 2683 1155 2726 an

140 2749 239 2813 fuerit
261 2755 362 2833 pater,
385 2757 461 2836 post
479 2773 504 2815 s.
523 2751 589 2815 VII
606 2752 747 2815 medium
771 2755 883 2815 auctor
905 2751 961 2815 ille
984 2751 1023 2815 de
1046 2749 1153 2814 dubiis

139 2838 326 2903 nominibus
345 2839 471 2923 legerat
489 2838 567 2923 (uid.
584 2836 770 2924 Uebcrl.**)
788 2861 819 2923 p.
834 2839 898 2904 269
915 2836 990 2925 sq.);
1008 2838 1043 2902 in
1057 2837 1154 2904 Tili-

140 2947 211 2990 ano
230 2925 379 2991 Bissulae
398 2928 549 3011 pleraque
574 2925 664 3013 (nam
683 2930 763 3012 quin
783 2949 822 2992 ea
843 2927 974 3013 integra
991 2949 1058 2993 non
1076 2927 1155 3011 sint,

139 3014 194 3078 uix
217 3014 388 3099 quisquam
413 3015 588 3100 dubitabit,
617 3016 673 3100 qui
697 3015 844 3082 morandi
868 3038 981 3082 causas
1005 3037 1153 3100 quaeque

139 3101 209 3186 ipse
241 3103 406 3169 Ausonius
439 3104 480 3169 ad
511 3103 649 3170 Paulum
682 3105 721 3169 de
750 3106 796 3170 cis
827 3106 972 3190 scripsit,
1004 3109 1154 3170 accurate

140 3192 375 3279 perpenderit);
408 3193 474 3257 alia
506 3193 641 3258 addita
670 3199 761 3276 sunt,
798 3195 826 3258 si
861 3193 952 3259 audis
990 3192 1045 3277 qui
1080 3193 1154 3258 rho-

123 3281 262 3363 ‚palicos
286 3281 368 3347 istos
392 3303 503 3346 uersus
527 3283 568 3347 ab
592 3281 738 3347 Ausonio
764 3282 887 3348 alienos
911 3285 1059 3365 censent,
1082 3281 1154 3366 qui-

139 3368 199 3433 bus
228 3391 309 3453 quae
338 3391 501 3457 opponam
528 3391 633 3455 pauca
659 3371 765 3437 habeo
794 3374 826 3436 et
850 3371 983 3455 debilia3
1015 3370 1154 3455 denique

137 3456 209 3541 ipsa
224 3459 324 3523 uerba
338 3461 512 3526 sescenties
527 3463 603 3524 sunt
616 3461 669 3526 uel
684 3464 837 3544 corrupta
852 3460 903 3524 uel
917 3461 1001 3524 male
1017 3463 1152 3524 mutata.

205 3547 251 3611 At
280 3547 469 3631 quotidiana
489 3548 569 3614 haec
596 3552 673 3613 sunt
701 3553 734 3613 et
762 3549 925 3633 uulgaria;
950 3548 1051 3613 aliam
1074 3547 1154 3612 fecit

225 3701 251 3772 *J
270 3720 336 3758 nam
347 3721 415 3788 'non
433 3705 552 3775 abrepta
569 3708 613 3760 est
631 3705 754 3776 epistula
776 3705 813 3761 ad
836 3703 934 3775 filium,
958 3720 1042 3772 quam
1066 3704 1151 3759 modo

137 3789 425 3832 commemoraurmua

209 3843 252 3914 **)
270 3844 406 3916 RPeiper,
421 3847 472 3902 Die
486 3846 738 3902 handsohriftliche
750 3845 983 3916 Ueberliefemng
998 3846 1047 3900 des
1062 3846 1152 3900 Auso·

138 3916 200 3973 nius
207 3914 315 3986 (Jahrb.
327 3916 346 3972 f.
357 3917 437 3974 class.
447 3916 616 3986 Philologie,
627 3916 724 3989 Suppl.
735 3918 773 3973 Xl
785 3921 936 3988 191-3oa)
947 3916 1061 3987 Leipzig
1071 3921 1149 3974 1879.
