2430 4274
497 558 735 624 -375-

106 716 310 782 lemnitatem
334 716 492 783 condendi
513 717 647 782 honoris
671 722 867 802 occurreret,
893 718 1057 783 boneficiis
1079 739 1120 784 ne
1134 740 1176 783 666

55 822 86 871 81
107 805 235 870 deesset
262 805 414 871 officium.
459 827 542 891 quae
570 805 656 870 enim
684 805 844 871 maiorum
871 828 1025 892 umquam
1054 827 1121 873 me-

107 894 213 959 moria
234 899 457 960 transcursum
480 898 591 959 tantae
615 894 790 958 celeritatis
813 895 865 958 uel
888 895 922 959 in
946 895 1120 961 audacibus

106 981 304 1048 Graecorum
335 983 456 1048 fabulis
488 985 673 1048 commenta
704 982 776 1046 est?
803 981 957 1068 *Pegasus
989 984 1122 1050 uoluoer

55 1087 116 1128 :vn
144 1076 234 1137 actus
258 1071 398 1156 aLycia
419 1093 486 1137 non
509 1072 597 1136 ultra
615 1068 763 1136 Ciliciam
787 1073 976 1156 permeauit.
1013 1070 1120 1156 Cylla-

105 1181 161 1224 rus
189 1164 286 1245 atque
309 1160 413 1225 Arion
439 1160 524 1225 inter
552 1160 660 1244 Argos
686 1157 908 1245 Nemeamque
937 1164 1120 1227 senuerunt.
1133 1182 1174 1225 sao

106 1247 170 1333 ipsi
194 1246 367 1313 Castorum
391 1249 479 1333 equi,
509 1247 594 1334 quod
616 1247 845 1332 longissimum
873 1249 936 1313 iter
965 1253 1027 1328 est,
1054 1270 1120 1314 non

55 1353 87 1402 88
105 1336 171 1401 nisi
198 1341 323 1402 mutato
352 1340 481 1402 ue'ctore
509 1339 744 1401 transcurrunt.
789 1342 840 1419 tu,
869 1336 1037 1422 Gratiana,
1068 1340 1120 1403 tot

103 1424 245 1490 Romani
281 1425 411 1510 imperii
443 1425 578 1508 limites,
613 1430 665 1490 tot
695 1424 830 1489 flumina
863 1430 896 1490 at
927 1426 1033 1511 lacus,
1069 1429 1121 1491 tot

105 1518 253 1578 ueterum
280 1514 480 1598 intersaepta
497 1532 680 1597 ¹regnorum
708 1513 749 1576 ab
772 1534 873 1598 usque
896 1514 1033 1580 Thracia
1061 1536 1121 1598 per

105 1605 226 1684 totum,
262 1623 359 1686 quam
389 1602 525 1686 longum
557 1604 620 1683 est,
656 1601 743 1665 latus
775 1599 913 1685 Illyrici,
945 1602 1118 1667 Venetiam
1131 1625 1172 1667 666

105 1688 339 1774 Liguriamque
361 1693 395 1755 et
414 1676 555 1755 Galliam
579 1693 737 1772 ueterem,
760 1689 992 1773 insuperabilia
1013 1689 1119 1756 Ithae-

105 1777 185 1860 tiae,
208 1776 315 1844 Rheni
338 1778 472 1861 undosa,
496 1776 720 1862 Sequanorum
743 1776 845 1861 inuia,
867 1782 1018 1861 porrecta
1039 1777 1119 1842 Ger-

106 1865 248 1950 maniae,
284 1866 438 1932 celeriore
474 1870 675 1948 transcursu,
712 1887 810 1949 quam
847 1868 897 1929 est
929 1867 1118 1951 properatio

105 1954 211 2018 nostri
235 1955 407 2037 sermonis,
435 1955 574 2038 euoluis,
598 1953 692 2018 nulla
714 1953 825 2037 requie
849 1953 920 2037 otii,
947 1977 989 2019 ne
1012 1954 1119 2020 somni

105 2041 235 2125 quidem
264 2047 321 2107 aut
349 2044 414 2109 cibi
438 2064 571 2107 munere
594 2041 735 2120 liberali,
763 2044 800 2105 ut
823 2039 947 2107 Gallias
971 2046 1045 2108 tuas
1068 2044 1118 2108 in-
1131 2067 1173 2110 666

104 2130 257 2214 opinatus
275 2130 433 2214 illustres,
456 2136 494 2196 ut
512 2131 677 2196 consulem
696 2134 802 2213 tuum,
825 2131 973 2214 quamuis
994 2132 1117 2197 deside·

103 2223 207 2303 ratus,
225 2220 392 2303 anticipes,
411 2224 447 2283 ut
465 2220 556 2284 illam
575 2220 691 2303 ipsam,
711 2240 793 2302 quae
813 2241 908 2284 auras
926 2220 1117 2304 praeoedere

104 2307 202 2390 solet,
233 2307 357 2372 famam
383 2308 484 2373 facias
512 2308 697 2372 tardiorem.
741 2307 804 2371 hoc
832 2309 990 2373 senectuti
1018 2329 1117 2393 meae,

55 2392 124 2500 ,3¹1¹
159 2394 221 2460 hoc
248 2394 365 2461 honori
388 2418 408 2459 a
429 2400 462 2460 te
485 2397 605 2461 datum.
652 2415 820 2478 supremus
847 2396 901 2459 ille
928 2396 1057 2480 imperii
1084 2402 1118 2461 et

104 2483 314 2548 consiliorum
336 2487 468 2549 tuorum
491 2485 570 2548 deus
592 2483 740 2549 conscius
760 2486 793 2546 et
812 2482 932 2547 arbiter
951 2488 984 2548 et
1003 2489 1117 2550 auctor
1129 2509 1170 2552 666

103 2571 253 2655 indulsit,
286 2576 323 2637 ut
350 2572 463 2637 sellam
490 2572 649 2655 curulem,
676 2571 766 2635 cuius
794 2571 904 2635 sedem
930 2571 1116 2656 frequenter

104 2660 251 2745 ornabis,
277 2666 315 2725 ut
337 2664 540 2744 praetextam
563 2682 668 2724 meam
691 2680 852 2742 purpurae
874 2665 950 2724 tuae
973 2660 1044 2724 luca
1067 2660 1116 2725 iu·

103 2753 223 2831 eatam,
247 2755 284 2813 ut
305 2750 454 2814 trabeam
476 2771 543 2814 non
564 2749 671 2833 magis
691 2768 769 2812 auro
790 2769 848 2812 suo
868 2769 965 2833 quam
983 2770 1116 2815 munere

102 2839 160 2901 tuo
193 2837 408 2921 splendidam,
441 2859 521 2921 quae
552 2837 593 2902 ab
620 2835 750 2920 Hlyrico
783 2837 941 2901 sermonis
973 2837 1115 2923 dignitas

100 2924 304 3009 honestauit,
334 2926 420 3010 apud
443 2925 570 2990 Gallias
592 2925 773 2990 illustriora
795 2929 991 3010 praestares,
1020 2948 1115 3012 quae·
1129 2952 1170 2994 aso

174 3103 226 3154 668
252 3099 389 3154 maiorum
412 3115 545 3168 nmquam
567 3099 703 3154 memoria
725 3099 837 3167 Pciper:
860 3099 1024 3154 memoriam
1047 3103 1114 3168 (me-
1189 3116 1196 3129 ·

101 3168 193 3223 moriri
209 3169 235 3223 Τ
250 3171 386 3225 memoria
400 3169 465 3240 Ml)
484 3187 608 3239 unquam
627 3169 762 3224 memoria
780 3169 806 3222 Z
858 3172 910 3225 668
928 3186 1076 3238 gracorum
1092 3171 1118 3224 Τ

104 3242 107 3309 l
130 3243 261 3295 cementa
282 3241 326 3308 Τί
376 3246 426 3296 669
445 3241 513 3295 licia
529 3241 547 3308 f
558 3244 563 3310 Ι
580 3239 709 3309 cyliciam
730 3240 756 3294 Τ
813 3244 865 3295 666
882 3255 1034 3295 nemeoeam
1055 3241 1081 3294 Τ

101 3315 153 3365 661
173 3309 291 3366 interest
310 3312 348 3365 M
353 3312 378 3367 G
404 3312 479 3367 inter
497 3314 540 3366 est
559 3313 608 3381 (pu
626 3311 680 3364 iter
695 3327 740 3379 pr.
758 3311 806 3378 ss.)
828 3310 854 3364 Τ
872 3309 927 3364 iter
944 3311 989 3364 est
1006 3322 1028 3379 ψ
1048 3312 1113 3368 Ari-

100 3381 196 3436 dalius
267 3388 320 3437 686
347 3382 437 3437 tracia
463 3383 501 3436 M
570 3387 622 3436 666
650 3382 766 3451 longum
794 3382 839 3435 est
865 3378 940 3435 latus
966 3381 1114 3450 Graecias

99 3451 203 3521 longus
222 3454 266 3507 est
282 3453 362 3508 locus
382 3454 408 3507 Z
431 3456 435 3519 Ι
460 3452 554 3508 illirici
573 3453 600 3506 Ζ
669 3458 721 3506 666
739 3450 916 3519 lyguriamf
982 3457 1032 3507 667
1052 3454 1114 3509 rhe-

99 3523 159 3575 tias
178 3521 278 3591 (rhetia
289 3524 337 3594 Μ)
348 3525 393 3591 ΖΙ
408 3523 627 3592 usdosaPes'per
645 3521 755 3577 accolas
773 3522 817 3590 Τί
830 3522 934 3578 accolis
947 3523 990 3590 M,
1008 3541 1115 3592 aquosa

99 3592 270 3660 Acidaliae!
294 3593 373 3649 inuia
404 3593 507 3648 iniuria
525 3594 563 3648 M
623 3598 674 3648 668
693 3597 855 3648 transuersu
873 3610 955 3648 eursu
973 3595 1012 3649 M
1061 3601 1113 3651 668

99 3663 205 3736 somni]
229 3665 327 3720 semini
451 3670 503 3720 670
526 3664 708 3735 inoppinatus
728 3666 765 3719 M
835 3671 887 3719 678
906 3665 1031 3735 anticeps
1053 3664 1079 3719 G

100 3773 155 3823 666
174 3747 415 3825 alturnam
464 3776 516 3825 666
535 3769 772 3826 consciliomma
826 3776 878 3824 666
897 3770 1035 3826 annuam
1049 3770 1115 3826 mo

138 3844 190 3894 677
214 3841 342 3911 fugatam
363 3842 389 3895 Τ
458 3846 509 3897 678
532 3842 646 3896 rabaam
665 3840 703 3894 M
771 3846 823 3895 679
845 3840 947 3897 illirico
966 3841 993 3895 Z
1062 3846 1114 3897 680
