2400 4282
444 588 489 598 -
533 569 630 616 LVIIII
676 588 718 600 ··-

72 765 130 833 Π.
160 763 329 830 lleriuati
351 779 398 829 cx
417 762 561 828 ultimis
584 763 768 845 archetypi
789 763 1088 844 quaternionibus

500 869 660 951 abreptis

139 995 351 1080 Singulorum
362 995 507 1060 codicum
521 993 734 1078 descriptioni
748 993 920 1077 praemitto
940 994 1088 1060 tabulam
1103 1011 1130 1063 Z

72 1084 314 1169 opusculorum,
328 1105 410 1168 quae
423 1083 519 1147 huius
533 1082 676 1146 familiae
691 1082 783 1146 libris
794 1082 834 1145 ad
844 1104 904 1147 nos
918 1086 1086 1147 uenerunt.

70 1194 132 1238 nec
155 1176 266 1237 tamen
291 1172 371 1237 satis
392 1172 432 1236 ad
456 1193 525 1235 rem
549 1169 720 1235 uidebatur
737 1170 938 1235 breuiculum
958 1173 1086 1236 tantum

71 1283 186 1327 eorum
200 1281 366 1326 recensum
382 1261 472 1325 dare:
491 1259 718 1325 describendae
734 1264 827 1323 erant
842 1264 999 1343 quantum
1018 1260 1086 1323 fieri

71 1387 288 1395 ----ι

147 1435 294 1490 Ihuuscsrs
313 1434 407 1488 Puris.
425 1437 501 1488 8069
520 1450 541 1488 s.
555 1433 595 1486 XI
613 1432 631 1488 f.
649 1438 698 1487 127
714 1434 787 1502 (arta
800 1432 1005 1488 necessitudine
1024 1450 1087 1487 cum

71 1506 100 1561 Β
124 1505 300 1630 οὲιιίιιιιοιιιι,
328 1505 377 1561 aed
404 1505 494 1559 altera
516 1522 552 1558 ιιι.
576 1504 718 1573 permulta
744 1504 774 1558 in
799 1503 922 1558 deterius
947 1504 1087 1573 mutauit).

72 1593 140 1632 acce
161 1576 186 1631 it

146 1648 320 1703 Pctuuiussua
337 1645 474 1702 Nllcinsii
493 1646 532 1716 (in
552 1664 607 1716 quo
628 1645 714 1701 etiam
734 1646 876 1716 catalepta
894 1644 1028 1713 Maronis)

144 1719 196 1773 His
215 1719 367 1774 deteriores
386 1719 472 1774 etiam
491 1720 556 1772 sunt
574 1717 638 1771 libri
656 1715 837 1771 Sidoniani
856 1735 876 1771 s.
892 1715 953 1785 XII,
975 1732 1044 1785 quos
1065 1718 1089 1768 Φ
1109 1718 1133 1768 Φ

71 1791 172 1846 litters
185 1790 400 1860 comprehendo,
415 1788 632 1844 monosticha
646 1790 760 1842 autem
773 1788 848 1843 sola
861 1788 980 1841 habent:
995 1787 1087 1841 Paris.

71 1861 303 1929 2782188888
319 1864 363 1928 45,
376 1864 423 1928 26,
436 1861 521 1915 Rem.
535 1862 600 1926 286,
614 1860 817 1928 Montispesssl.
832 1859 913 1914 solsol.
927 1859 994 1912 med.
1012 1858 1051 1912 H.
1062 1862 1087 1911 4.

72 1949 194 2001 qnorum
211 1932 304 1987 ultimi
324 1932 378 1987 dno
398 1949 461 1986 cum
479 1931 636 1985 hlellicensi
654 1930 726 1985 libro
746 1929 860 2000 cognati
878 1933 955 1996 sunt,
978 1927 1089 1984 secedit

73 2020 160 2128 εῗθρο
183 2001 415 2143 siim-apuu}
440 2001 518 2128 Ιίὶέοἱ
541 2002 865 2145 liurlis.5801fls).XII‚
894 2000 942 2071 qui
966 2000 996 2055 in
1024 1999 1087 2056 aliis

73 2090 194 2130 cassem
261 2091 387 2143 sequinr
416 2099 450 2119 =
484 2090 556 2128 cen
577 2089 734 2142 ειιαηπρ
770 2116 776 2127 .

144 2145 214 2200 Post
235 2146 455 2201 monosticha
482 2147 631 2199 senuerunt
655 2147 698 2213 (nt
721 2144 903 2214 Mellicensis)
926 2145 1088 2200 tetrasti-

72 2218 211 2272 chorum
240 2235 288 2271 uu.
317 2223 331 2270 1
365 2219 394 2271 et
425 2222 441 2270 2
475 2215 540 2270 libri
577 2218 608 2269 Ψ
636 2215 857 2271 Suetoniani:
889 2218 980 2272 Paris.
1015 2218 1089 2271 5802
1116 2217 1147 2275 Ψ

73 2308 95 2344 s.
115 2287 189 2353 XIII,
208 2289 300 2343 Paria.
320 2292 392 2343 6116
411 2307 432 2342 s.
453 2286 504 2341 XII
524 2285 562 2353 (in
587 2287 642 2342 hoc
660 2291 690 2341 et
708 2303 741 2341 eo
760 2290 809 2356 qui
827 2287 954 2356 sequitur
973 2286 1087 2342 Sidonio

72 2359 242 2428 adscripta),
269 2359 403 2414 Lourcnt
428 2363 479 2426 64,
501 2363 521 2412 8
544 2375 564 2412 s.
589 2357 670 2425 XIII,
694 2359 826 2414 Lucerem.
851 2364 904 2426 66,
927 2362 962 2413 39
987 2377 1007 2411 s.
1027 2357 1088 2424 XII,

74 2431 161 2484 Beros.
180 2433 234 2484 104
254 2449 275 2484 s.
290 2429 369 2483 XIIII
384 2431 473 2495 (cuius
488 2429 681 2500 apographum
696 2429 726 2485 Ρ.
742 2429 866 2484 Danielis
880 2445 964 2483 manu
983 2427 1088 2482 fectum

71 2507 117 2556 est
138 2501 223 2556 Bm.
244 2504 299 2556 189
322 2502 684 2572 commutassemus
707 2500 801 2554 nescio
825 2499 887 2568 quis
910 2500 947 2554 ab
970 2499 1089 2553 Heinsio

72 2570 202 2626 conlatus
221 2572 266 2641 (=
281 2570 441 2625 Schenkelii
459 2573 603 2641 γδθκοτ).

147 2643 252 2698 Horum
272 2643 396 2697 omnium
416 2661 450 2697 ex
468 2642 600 2697 nullone
619 2642 735 2712 exiguus
758 2641 872 2712 quidem
893 2641 1000 2695 fructus
1021 2639 1088 2694 Cae·

74 2712 186 2768 naribus
207 2714 355 2768 redundet.
402 2714 589 2783 cormptionis
613 2713 699 2768 latius
722 2713 860 2783 serpentis
882 2713 912 2766 in
934 2712 979 2765 his
1006 2711 1088 2766 libris

71 2786 127 2841 hoc
155 2789 199 2839 est
224 2785 406 2854 praecipuum
436 2786 606 2854 exemplum:
634 2783 681 2852 qui
711 2791 776 2839 sunt
803 2785 933 2839 meliores
958 2783 991 2848 Y,
1025 2799 1088 2838 cum

71 2854 153 2911 libris
176 2855 300 2909 ΒΡΣΒ
329 2855 496 2925 simpliciter
520 2855 655 2910 omittunt
678 2859 795 2911 monost.
820 2861 854 2910 28
873 2856 903 2910 et
924 2860 972 2919 303
999 2853 1089 2910 altera

72 2927 173 2981 classis
194 2928 218 2978 Φ
240 2942 296 2980 non
321 2927 429 2981 omittit
450 2928 560 2980 tantum
580 2943 640 2993 eos,
664 2927 714 2981 sed
732 2927 760 2980 in
779 2926 872 2981 locum
891 2925 988 2981 amissi
1006 2944 1033 2980 ιι.
1053 2930 1087 2981 80

72 2996 236 3066 transponit
248 3015 275 3052 u.
290 3003 338 3064 88;
356 2998 503 3052 tertiaeet
520 3000 637 3065 quartae
658 2998 728 3050 ΧΨ
740 2997 849 3052 codices
864 2996 976 3053 omissis
991 3014 1037 3050 uu.
1052 3002 1086 3052 28

72 3072 104 3123 et
122 3073 159 3122 80
176 3068 356 3137 repositoque
373 3069 402 3122 in
421 3085 519 3123 uersus
534 3073 569 3123 80
583 3069 675 3122 locum
689 3074 822 3123 uersutis
840 3085 944 3122 nouum
964 3068 1088 3123 condunt

71 3156 184 3194 uersum
208 3143 258 3206 28,
280 3140 331 3208 qui
353 3139 382 3193 in
406 3140 521 3208 optimis
544 3139 703 3207 interierat,
727 3139 828 3194 deinde
852 3139 985 3209 supplent
1008 3156 1034 3194 n.
1054 3144 1087 3194 28

69 3209 125 3279 bis,
145 3209 357 3335 deniqluehnouo
377 3211 511 3278 figmento
530 3210 673 3279 lacunam,
693 3227 765 3278 quse
785 3211 900 3280 expulso
920 3229 946 3266 u.
966 3216 999 3266 88
1020 3211 1089 3265 nata

70 3286 135 3335 erat
232 3297 267 3335 en

139 3297 254 3406 'Dixine
272 3351 400 3407 omnibus
418 3350 558 3406 uidendus
579 3351 709 3407 Schenkl.
730 3369 756 3421 p.
776 3351 890 3416 XLVII,
914 3353 962 3420 qui
1005 3352 1088 3408 leros·

70 3438 127 3492 que
140 3421 241 3477 habuit
254 3423 389 3478 conlatus.
417 3439 521 3493 paucos
539 3423 601 3492 ipse
620 3423 716 3490 habui,
736 3421 770 3478 de
788 3423 890 3491 quibua
904 3424 960 3478 uid.
1002 3425 1085 3479 eberl.

74 3499 128 3549 802
139 3510 200 3561 sqq.

142 3564 175 3618 In
203 3565 301 3619 multis
332 3564 396 3618 aliis
423 3565 503 3619 libris
530 3565 653 3619 nondum
687 3563 806 3620 conlatis
838 3565 1014 3621 monosticha
1046 3568 1087 3620 in·

70 3635 224 3690 ueninntur
246 3651 270 3689 e.
293 3653 320 3704 g.
339 3634 485 3690 Vaticanis
511 3641 578 3691 1908
598 3638 628 3690 et
647 3641 713 3690 1911
734 3640 764 3691 et
781 3641 851 3691 8888
875 3655 895 3691 s.
915 3636 992 3698 xvl,
1020 3637 1088 3691 Ber-

71 3707 171 3762 berino
194 3710 265 3760 2127
288 3724 309 3760 s.
333 3705 411 3773 XVI,
434 3706 696 3762 Vindobonensibna
721 3713 774 3761 284
797 3710 826 3761 et
849 3712 901 3762 268
929 3708 1011 3762 Endl.
1037 3707 1088 3761 XV

71 3779 148 3848 (post
177 3776 365 3844 Suetonium),
394 3776 537 3833 Sudinensi
564 3778 631 3832 bibl.
661 3778 761 3849 Gymn.
790 3778 826 3834 ad
854 3777 882 3833 S.
909 3778 1030 3835 Marium
1051 3783 1085 3834 ct

71 3867 92 3905 s.
112 3846 194 3903 XIIII
212 3849 321 3914 (uersus
337 3846 471 3918 sydonii),
491 3849 582 3907 musei
595 3848 725 3912 Britann.
745 3852 812 3912 add.
832 3872 887 3913 ms.
903 3859 1007 3929 ih,be
1026 3856 1110 3926 tpost

64 3918 250 3983 Suetonium),
270 3933 387 3983 quornm
404 3920 546 3982 lectiones
564 3943 651 3987 nemo
672 3929 732 3990 ism
749 3931 947 3992 desiderabit.
