2430 4274
512 545 752 611 ...390-

598 771 670 827 xxl.

273 869 336 935 Au’
359 873 404 934 dte
424 874 460 948 δὴ
480 874 570 948 πόρον
588 874 649 944 ἷξον
669 871 796 944 &operior
813 882 953 947 ποταμοῖο

270 950 409 1006 Intulerat
427 949 511 1004 fluuio
530 946 657 1018 trepidae
675 948 744 1017 fuga
763 947 846 1004 foede
864 951 1002 1004 cateruae.

194 1077 329 1144 Troiani
353 1098 455 1162 usque
479 1075 519 1142 ad
539 1074 728 1143 Scamandri
750 1074 893 1141 fluminis
916 1075 1050 1142 elueum
1068 1077 1145 1163 fuga

127 1171 162 1233 et
180 1172 304 1233 terrore
323 1164 490 1249 compulsi,
514 1186 587 1230 cum
606 1164 673 1229 iem
692 1165 824 1251 longius
842 1164 984 1230 abeundi
1003 1165 1145 1249 apetium

127 1277 194 1322 nou
217 1258 346 1340 peteret
363 1258 397 1318 et
415 1253 450 1317 in
469 1253 541 1337 ipeo
556 1275 650 1318 amne
665 1274 738 1319 cum
752 1253 874 1318 flumen
888 1253 1033 1319 exundat
1052 1302 1145 1321 .....
1162 1271 1176 1317 e

127 1345 175 1410 ibi
202 1347 235 1408 et
262 1340 431 1407 duodecim
454 1341 673 1407 Troianorum
699 1342 834 1409 iuuenes
857 1341 1061 1426 uinciuntur‚
1093 1342 1146 1425 qui

128 1430 273 1497 Patrocli
300 1429 426 1495 inferiis
454 1430 712 1496 immolarentur.
762 1431 832 1514 ipae
861 1428 1030 1495 Vulcanus
1058 1430 1147 1496 ardo·

127 1520 217 1585 ribus
255 1518 322 1584 suis
361 1518 428 1583 uim
463 1519 619 1584 torrentis
652 1519 765 1584 exurit.
820 1522 890 1584 tum
927 1519 963 1584 in
997 1540 1147 1603 campum

128 1607 257 1674 Achille
271 1628 456 1692 progresso,
470 1607 594 1692 passim
609 1607 718 1673 etudie
731 1608 864 1673 deorum
878 1629 938 1692 pro
954 1629 1014 1672 sue
1029 1606 1148 1692 singuli

128 1701 224 1780 purte
247 1696 446 1782 depugnent.
487 1695 700 1762 Troianorum
729 1696 889 1762 exercitus
912 1695 1060 1762 inolente
1082 1697 1147 1761 uic-
1166 1710 1192 1759 10

129 1788 201 1850 tore
223 1783 258 1850 in
280 1785 412 1851 moenie
434 1783 524 1851 urbis
547 1785 737 1871 inpingitur.

597 2007 684 2066 XXII.

257 2119 298 2179 cs
317 2111 346 2170 οἱ
363 2113 416 2186 μὲν
434 2113 508 2170 κατὰ
527 2111 598 2171 ἄστυ
617 2113 775 2185 πεφυζότες
793 2114 863 2187 ἠύτε
882 2118 985 2187 νεβροί

256 2185 343 2242 Pnlue
360 2189 438 2242 metu
455 2185 594 2258 Phrygios
612 2187 773 2243 lustrabant
791 2188 906 2260 egmino
924 2204 1030 2243 muros.

197 2311 320 2380 Hector
335 2313 494 2399 singulari
509 2316 687 2380 certamine
702 2337 775 2381 cum
788 2315 916 2381 Achille
933 2314 1147 2399 congreditur,

130 2402 261 2468 Priamo
285 2405 382 2487 etque
406 2401 551 2487 Hecuba,
567 2425 614 2473 ne
637 2409 771 2489 pugnet,
799 2403 979 2486 orantibus,
1001 2402 1147 2469 Miner-m

130 2513 147 2556 e
176 2492 340 2558 contrario
368 2491 475 2576 specie
503 2490 681 2576 Deiphobi,
709 2497 746 2557 ut
773 2492 917 2576 dimicet,
946 2491 1175 2558 adhortanteo

129 2579 252 2646 Hector
275 2580 465 2646 interfectus
490 2585 524 2645 et
546 2581 704 2666 religatus
729 2580 769 2646 ud
793 2602 923 2646 currum
950 2585 1003 2645 ter
1031 2581 1145 2647 circum

130 2671 260 2735 moenia
283 2668 424 2735 Troiane
446 2672 610 2753 raptetur:
638 2668 753 2734 deinde
780 2670 924 2735 lacerum
952 2690 1072 2753 corpue
1100 2668 1147 2733 de

132 2758 236 2823 fertur
259 2757 432 2840 ardunum,
455 2757 575 2823 ultioni
594 2757 739 2823 Patrocli
762 2757 898 2824 uictoris
921 2758 1095 2824 iracundie
1111 2756 1147 2822 ad

131 2847 289 2910 ulteriora
312 2847 474 2929 supplicia
497 2846 739 2927 reseruandum.

135 2988 350 3000 n——n———u-

205 3053 284 3108 xxn
303 3059 319 3107 6
338 3052 445 3124 Vergil.
464 3053 488 3107 A
508 3055 521 3108 1
539 3060 592 3112 483
615 3057 659 3110 ter
682 3054 757 3111 circe
774 3055 875 3111 Iliacos
899 3057 1068 3125 raptauerut
1085 3055 1149 3109 Hoc

133 3129 198 3182 tora
220 3141 320 3179 muros.
357 3124 424 3179 Iliae
447 3124 538 3180 letina
561 3125 709 3192 (Pindarus
728 3125 827 3194 Theb.)
848 3131 917 3182 1006
940 3128 988 3181 ter
1010 3126 1088 3182 circe
1107 3129 1148 3180 tu-

134 3197 242 3251 mulum
261 3195 377 3251 mieeroe
396 3196 471 3266 rapit
489 3195 618 3252 Hectoris
637 3202 723 3253 urtue.
743 3196 777 3251 cf.
797 3202 857 3251 999.

203 3390 269 3444 XXI
290 3396 303 3444 1
324 3408 430 3446 aunone
450 3392 496 3460 Pl
517 3392 864 3463 130uerrrerocluoreu101o
886 3389 915 3445 P
970 3391 1090 3462 Nugae
1103 3389 1148 3455 P]

131 3461 197 3516 feda
215 3462 244 3515 P
294 3467 310 3514 ³
331 3461 486 3516 stamendri
504 3462 543 3515 P·
563 3463 567 3530 Ι
592 3461 721 3516 Troianis
742 3502 794 3517 ...
814 3460 967 3531 compulsio
986 3461 1119 3535 Lugdm

133 3533 280 3600 opetoret
298 3534 328 3586 et
346 3532 375 3585 P
398 3535 427 3587 et
445 3549 495 3587 om.
521 3532 650 3602 Vpoletue
674 3534 680 3601 Ι
704 3533 782 3604 oum]
807 3532 875 3587 dum
894 3532 1013 3587 Schenkl
1030 3534 1080 3603 qui
1095 3533 1151 3601 poti

79 3638 82 3643 -
130 3602 254 3658 exundat
280 3604 409 3658 lacunam
427 3603 568 3658 indicauit
641 3603 838 3674 oduodecim]
866 3601 920 3655 ΧΠ
938 3601 1022 3657 milia
1039 3602 1068 3658 P
1086 3617 1151 3658 corr.

129 3674 223 3728 Paris.
250 3673 296 3742 (ab
314 3671 426 3727 Achille
445 3673 606 3743 duodecim)
632 3676 637 3742 1
662 3674 814 3729 uincuntur
836 3671 864 3727 P
880 3689 953 3728 corr.
967 3673 1120 3729 docunius

128 3749 145 3798 θ
164 3760 264 3813 cumpo
280 3743 309 3796 P
376 3749 407 3797 11
429 3744 523 3798 menie
544 3744 572 3797 P

163 3829 276 3957 tanin
296 3837 311 3885 1
331 3828 501 3904 πεφυζότες]
521 3848 660 3888 <renueret
674 3833 704 3887 P
757 3838 774 3889 5
792 3831 945 3888 adortante
964 3832 995 3887 P
1047 3831 1151 3887 orele·

123 3918 163 3971 ge
196 3919 209 3956 e
