2430 4274
554 543 756 589 ...x—

145 672 248 736 iectee
285 670 318 734 in
353 668 553 734 bibliotheca
588 665 693 751 Regia
729 664 952 730 uniuersitatis
988 664 1165 731 litterariae

146 757 373 843 Gottingeneis
401 756 628 840 adseruantur,
656 759 690 818 et
716 753 850 820 Ioannis
877 751 1052 820 Schraderi
1083 774 1166 821 com·

145 848 325 912 mentarius
348 845 570 911 Berolinensis
594 841 649 929 (cf.
671 841 809 908 Hermes
830 839 893 907 XV
915 864 947 927 p.
973 843 1040 909 183
1060 864 1095 909 ιι.
1112 843 1167 930 54)

147 939 181 1001 et
202 933 337 1000 Ioannis
362 933 578 1000 Sohaubaohii
600 931 723 997 Aratea
745 930 929 1015 Lipsiensis
971 931 1012 997 et
1036 930 1167 999 Germa·

144 1023 212 1101 nici
235 1024 357 1089 Aratea
380 1046 410 1107 p.
433 1021 544 1087 XXIX
566 1025 600 1086 et
622 1039 731 1105 progr.
754 1019 823 1085 Eri.
846 1042 877 1104 p.
899 1019 964 1085 VH
1000 1069 1008 1084 .

235 1113 285 1177 Ac
317 1112 357 1177 de
386 1112 544 1177 librorum
576 1131 676 1174 manu
703 1109 897 1192 scriptorum
925 1112 959 1173 et
986 1107 1167 1175 editionum

147 1199 347 1265 Venetarum
366 1201 559 1266 auctoritate
578 1202 611 1262 et
626 1197 822 1283 cognatione
836 1197 884 1263 sic
896 1197 1020 1263 iudico:
1038 1199 1166 1264 saeculo

145 1309 232 1355 nono
261 1291 318 1353 eut
345 1289 467 1353 decimo
492 1286 661 1371 archetypi
684 1285 879 1351 Arateorum
902 1285 1005 1351 fuisse
1029 1307 1166 1372 apogra-

145 1377 245 1461 phon,
268 1377 303 1440 in
327 1397 390 1461 quo
414 1379 448 1441 et
466 1397 579 1441 uersus
598 1376 648 1440 illi
666 1379 733 1439 tres
752 1375 827 1458 270,
850 1374 926 1457 570,
951 1375 1039 1440 1079
1058 1380 1166 1442 essent

145 1464 252 1529 mutili
276 1468 309 1529 et
330 1488 360 1529 u.
380 1464 446 1529 675
466 1463 703 1529 desideraretur
721 1485 863 1528 caesura.
899 1463 1021 1547 quibus
1038 1464 1163 1530 mendis

145 1573 219 1617 cum
242 1551 507 1618 Vindobonensis
536 1557 569 1617 et
595 1556 725 1636 praeter
751 1572 920 1617 caesuram
942 1574 973 1616 u
997 1553 1066 1618 675
1089 1552 1165 1618 Am·

145 1640 317 1706 bresianua
353 1645 449 1726 atque
481 1641 641 1706 editiones
673 1638 818 1706 Venetae
850 1641 973 1724 pariter
1006 1640 1163 1725 laborent,

145 1728 247 1795 libros
270 1734 402 1796 nostros
426 1752 538 1794 omnes
562 1730 604 1795 ab
626 1730 683 1794 illo
702 1728 891 1815 apographo
909 1729 1075 1814 profectos
1094 1751 1163 1795 esee

145 1839 279 1884 necesse
292 1823 351 1885 est.
375 1840 413 1883 ex
428 1841 491 1904 quo
506 1819 669 1902 descripta
683 1838 753 1883 esse
767 1819 914 1902 suspicor
927 1816 992 1882 duo
1007 1818 1163 1903 exempla,

146 1928 283 1990 quorum
315 1929 415 1972 unum
448 1907 511 1972 fuit
537 1908 683 1990 plenum,
715 1907 852 1971 alterum
879 1905 1076 1972 mutilatum.
1126 1929 1163 1972 ex

144 1995 202 2059 illo
231 1999 327 2059 natee
357 1999 433 2060 sunt
461 1995 592 2081 Georgii
621 1995 735 2060 Vallae
764 1999 797 2059 et
824 1995 901 2059 Aldi
928 1993 1071 2060 Manutii
1099 1996 1162 2060 edi-

144 2083 266 2166 tiones,
294 2105 332 2147 ex
356 2083 418 2148 hoo
441 2083 517 2148 libri
540 2106 638 2148 manu
662 2085 795 2148 exarati.
839 2084 905 2147 iam
928 2105 1007 2149 uero
1031 2088 1065 2149 et
1087 2084 1161 2149 Am·

144 2170 315 2237 brosienus
340 2194 360 2236 e
382 2171 628 2237 Vindobonensi
651 2177 684 2237 et
704 2172 824 2236 Aldina
846 2194 866 2236 a
888 2172 998 2255 priore
1020 2173 1160 2240 editione

145 2262 274 2324 tantum
296 2260 407 2345 distet,
430 2265 467 2325 ut
489 2261 575 2325 inter
596 2262 743 2345 exempla
764 2261 830 2340 illa
853 2281 892 2325 ex
915 2261 1035 2346 quibus
1053 2284 1160 2327 mana·

145 2353 272 2435 uerunt,
294 2353 328 2414 et
350 2350 452 2416 libros
476 2351 565 2433 ipsos
589 2351 655 2416 alia
677 2351 826 2434 exempla
845 2351 939 2434 quasi
958 2350 1080 2436 gradus
1097 2373 1160 2417 non

143 2439 274 2521 possint
300 2461 367 2503 non
394 2438 565 2503 interiecta
592 2439 694 2503 fuisse
717 2437 772 2523 (of.
796 2459 905 2524 progr.
929 2438 997 2503 Erf.
1022 2462 1053 2523 p.
1076 2439 1158 2526 Vll).

144 2524 450 2592 Vindobonensium
469 2531 578 2592 autem
597 2527 690 2610 libro,
709 2528 827 2611 quippe
847 2528 902 2611 qui
921 2532 1059 2610 propter
1078 2534 1158 2594 aeta·

144 2617 210 2678 tem
246 2620 279 2680 et
311 2617 544 2699 scripturarum
576 2616 810 2700 praestantiam
843 2615 884 2680 ad
916 2616 1158 2681 similitudinem

144 2703 312 2788 archetypi
336 2705 476 2787 accedat,
500 2705 658 2788 imprimis
681 2704 760 2768 fides
782 2704 934 2768 habende
956 2705 1092 2789 eiusque
1115 2726 1158 2769 se

143 2792 271 2874 quenda
305 2795 482 2858 auctoritas
503 2798 574 2858 *eat
624 2793 878 2858 Ambrosianum
907 2796 1023 2858 tamen
1050 2815 1090 2858 ex
1115 2815 1159 2858 re

143 2880 285 2944 rentiore
308 2881 456 2964 exemplo
476 2881 648 2946 deductum
667 2902 737 2946 esse
757 2881 912 2946 lectiones
930 2882 1024 2965 ipsae
1042 2886 1158 2947 testan-

142 2969 209 3049 tus‚
237 2968 328 3032 uelut
359 2968 509 3051 Iupiter
539 2991 674 3034 succus
703 2973 817 3053 atque
843 2974 1076 3035 auctumnus
1100 2992 1158 3057 ge·

141 3054 263 3120 nitrix
292 3056 471 3121 humerus
501 3057 602 3121 haud
627 3059 806 3122 connitor
829 3055 882 3142 (of.
906 3079 1016 3142 progr.
1041 3059 1107 3125 lerf.
1129 3083 1157 3144 p.

141 3137 196 3229 V).
234 3146 323 3229 atqui
347 3167 419 3210 oum
443 3145 623 3211 editionum
641 3145 840 3212 Venetarum
863 3146 982 3211 similis
1004 3149 1089 3213 ratio
1110 3150 1158 3230 sit

141 3233 243 3316 priori
266 3236 339 3318 plus
361 3235 570 3300 tribuendum
593 3238 644 3299 est
666 3257 762 3320 quam
785 3235 968 3318 posteriori
1091 3258 1096 3265 ·

231 3322 291 3387 His
318 3324 419 3409 igitur
442 3323 638 3389 adiumentis
661 3325 709 3388 ite
731 3346 809 3389 usus
833 3345 919 3407 sum,
948 3329 986 3389 ut
1011 3326 1158 3390 omnibus

141 3408 207 3474 iere
227 3412 405 3495 scripturis,
424 3434 505 3497 quae
525 3413 564 3477 ad
585 3412 852 3498 orthographiam
869 3413 1048 3498 pertinent,
1066 3414 1158 3479 omis·

141 3497 186 3560 sis
209 3499 368 3582 imprimis
392 3501 548 3566 librorum
572 3501 888 3585 manuscriptorum
907 3501 1157 3587 discrepantiam

141 3586 370 3669 gravissimam
393 3594 552 3674 notarem,
575 3590 754 3655 editionum
773 3596 883 3654 autem
901 3611 978 3655 raro
997 3593 1158 3658 rationem

140 3670 304 3757 haberem,
327 3677 389 3739 nisi
413 3678 498 3761 quod
520 3679 615 3743 initio
639 3677 772 3762 Georgii
792 3677 909 3743 Vallae
932 3679 1090 3746 lectiones
1112 3685 1158 3745 et·

138 3761 198 3827 tuli
226 3762 335 3849 plures
362 3787 461 3850 quam
488 3769 611 3851 postea.
658 3772 691 3833 et
718 3766 824 3851 siquid
846 3767 882 3833 in
905 3768 1029 3835 Aldina
1051 3770 1104 3834 uel
1126 3770 1158 3834 in
