2430 4274
521 572 562 583 -
608 554 698 601 xvm
746 571 785 583 ···

147 679 215 745 dita
239 682 325 762 sunt,
348 678 432 745 hunc
455 678 652 743 sententiam
675 698 772 763 segre
794 677 915 745 elicies.
949 699 1031 745 nam
1048 683 1084 745 et
1101 681 1166 764 pri-

146 789 205 832 ora
231 767 289 831 illa
315 788 384 833 nec
412 766 652 851 expectanda
678 770 832 850 corrupte
858 765 1166 835 caementatum

147 859 253 921 estet
277 877 359 941 ques
383 860 548 940 secuntur,
571 856 600 921 si
623 854 719 921 modo
743 859 830 921 recte
851 855 973 921 tradita
996 860 1089 940 sunt,
1110 877 1166 922 ex·

146 945 273 1028 planari
300 966 366 1009 non
394 948 541 1029 possunt.
586 966 624 1009 ac
650 964 692 1009 ne
720 944 761 1009 ab
785 945 888 1011 Arato
914 944 1046 1029 quidem
1069 946 1166 1013 huius

146 1032 210 1099 loci
233 1033 301 1098 ulle
320 1034 462 1117 petenda
480 1035 567 1099 salus
585 1036 645 1099 est.
681 1031 772 1099 cuius
791 1053 832 1098 ex
848 1054 946 1099 uersu
964 1034 1031 1099 382
1049 1035 1164 1100 uerbe:

145 1118 202 1185 καὶ
231 1115 341 1187 οὐκέτι
369 1123 436 1188 νῦν
462 1116 528 1188 ὑπὸ
556 1117 706 1205 θαύματι
731 1118 880 1187 τέλλεται
901 1116 1007 1205 ἀστήρ
1032 1120 1165 1189 Grotius

147 1207 203 1296 (ad
224 1209 400 1277 Phaenom.
423 1210 518 1277 Arati
542 1235 572 1295 p.
595 1210 633 1296 9)
656 1232 694 1277 eo
717 1214 864 1295 spectare
885 1212 1022 1278 censuit
1066 1211 1165 1277 Auie-

146 1319 225 1364 num
255 1299 355 1383 enirn,
387 1300 473 1384 quod
501 1299 588 1384 apud
615 1299 752 1364 Aratum
780 1322 811 1364 u.
838 1299 905 1365 382
933 1300 1091 1384 scriptum
1118 1301 1166 1365 in-

145 1387 301 1468 uenisset,
332 1388 366 1453 id
397 1408 465 1454 nou
497 1388 537 1453 ed
571 1410 626 1453 eas
659 1388 787 1472 stellas,
820 1408 902 1473 quas
935 1391 1036 1455 antea
1060 1389 1164 1455 nomi·

145 1479 241 1540 neme
263 1480 385 1559 essent,
410 1477 573 1560 retulisse,
601 1474 658 1542 sed
680 1476 721 1541 ad
745 1471 947 1560 ἀνωνύμους
969 1477 1062 1561 illes,
1090 1498 1164 1563 qna·

145 1585 216 1628 rum
240 1567 356 1647 postea
377 1587 409 1633 u.
428 1565 492 1631 391
512 1564 635 1631 Aratus
653 1566 854 1632 mentionem
871 1565 1014 1631 iecisset
1054 1567 1165 1650 iteque

145 1651 200 1717 ille
227 1652 393 1718 ineuntem
421 1676 552 1719 uersum
574 1654 695 1720 Auieni
719 1655 767 1719 ita
790 1653 963 1721 emendare
986 1654 1052 1720 sibi
1076 1656 1165 1721 uisus

146 1745 206 1826 est,
228 1745 266 1804 ut
283 1742 452 1808 scriberet:
473 1741 529 1809 Ne
552 1742 764 1828 spectanda
782 1742 924 1826 forent,
948 1764 1022 1809 cum
1038 1744 1073 1809 in
1092 1743 1165 1808 reli-

145 1829 218 1912 quis
246 1831 355 1897 uerbis
381 1853 447 1897 non
472 1832 655 1897 offenderet
700 1854 764 1917 qua
786 1832 971 1897 coniectura
992 1830 1073 1916 quid
1096 1853 1165 1916 per·

145 1917 266 2001 fecerit,
289 1940 343 1985 me
365 1942 431 1985 nou
453 1920 563 1985 uidere
586 1920 700 1986 fateor.
741 1940 801 1987 nec
820 1917 932 1985 Oioero
955 1925 1015 1985 eut
1031 1919 1166 1986 Germa·

145 2007 237 2072 uicus
260 2007 337 2072 huie
360 2009 433 2074 loco
457 2009 595 2074 salutem
621 2009 759 2074 efferunt
782 2007 838 2095 (ef.
857 2007 1024 2074 Ciceronis
1046 2008 1166 2074 Aretes

148 2096 211 2160 164
225 2116 293 2180 sqq.
331 2095 512 2162 Germanic.
536 2098 602 2163 375
617 2096 710 2184 squ).
751 2096 852 2182 quid?
894 2098 979 2181 quod
1003 2097 1076 2161 fieri
1098 2118 1166 2163 non

145 2186 262 2267 potest,
285 2188 323 2249 ut
345 2184 492 2251 Auienus
516 2186 589 2251 illus
612 2186 726 2251 stellas
750 2190 850 2269 ponto
874 2207 983 2250 carere
1007 2187 1027 2251 i
1048 2208 1076 2251 e.
1100 2208 1167 2251 nou

146 2272 291 2338 occidere
315 2272 440 2340 dixerit
478 2275 602 2339 accedit
624 2274 709 2358 quod
733 2274 808 2340 illes
827 2275 915 2339 solas
933 2278 1037 2358 ponto
1056 2296 1166 2339 cerere

144 2366 263 2427 censet.
307 2363 393 2447 quod
422 2364 449 2427 si
477 2363 676 2446 tradidisset,
707 2363 770 2428 sibi
799 2363 868 2446 ipse
895 2383 963 2429 non
992 2367 1167 2447 constaret

145 2472 218 2515 cum
242 2470 271 2514 u.
295 2452 359 2516 115
381 2473 472 2516 ursas
496 2474 567 2517 esse
591 2450 710 2517 ‘nescia
734 2452 828 2536 signa
850 2451 932 2516 salis
948 2454 1166 2536 nocturnique

145 2539 250 2604 inscia
272 2538 378 2604 casus'
402 2544 535 2606 auctore
552 2541 656 2606 Arato
681 2562 739 2605 suo
761 2540 880 2606 diserte
898 2539 1073 2606 docuisset
1110 2542 1167 2605 its·

145 2648 206 2712 que
237 2650 279 2693 ne
312 2629 447 2694 alteram
481 2628 609 2712 quidem
643 2650 756 2694 uersus
788 2633 915 2713 partem
947 2649 1062 2694 senam
1097 2650 1166 2695 esse

144 2720 244 2800 patet.
295 2717 380 2801 quod
412 2718 515 2783 sensit
547 2715 758 2800 Schraderus,
789 2718 880 2783 cuius
914 2719 1165 2783 commentarius

144 2805 225 2869 haec
258 2806 392 2890 praebet
423 2811 556 2871 nouata:
594 2807 733 2871 mundo
766 2827 833 2870 eeu
866 2806 949 2871 sole
985 2807 1167 2872 laterent.

145 2915 227 2978 quae
260 2916 333 2961 cum
366 2894 520 2959 audacius
553 2916 649 2979 quem
677 2896 786 2961 uerius
815 2893 902 2960 dicta
929 2916 1002 2958 esse
1030 2895 1167 2978 uideam,

145 2981 230 3046 idem
249 3003 363 3047 uereor
381 3004 423 3047 ne
440 2984 475 3047 in
494 3005 545 3048 me
564 2984 666 3064 cedat,
685 2983 740 3067 qui
757 2984 837 3049 haec
851 3004 1035 3067 proponere
1048 2983 1166 3049 ausim:

171 3070 264 3134 haec
279 3072 455 3154 spectanda
469 3072 584 3155 forent,
600 3072 724 3137 forma
736 3072 816 3137 uisi
829 3078 969 3136 cuncta
983 3077 1142 3137 carerent

145 3159 305 3244 siquidem
329 3160 415 3243 quod
434 3159 751 3237 Auienusuoluerat
773 3161 976 3245 cogitatione
1000 3165 1167 3226 assecutus

146 3270 230 3332 sum,
254 3249 287 3313 id
309 3249 372 3315 hoc
396 3271 492 3314 uersu
514 3249 672 3315 contineri
697 3252 821 3315 certum
845 3253 902 3313 est

233 3337 371 3404 Leniore
394 3338 555 3403 medicine
577 3342 653 3422 eget
677 3361 708 3403 u.
734 3339 828 3403 1014.
856 3337 902 3402 ibi
925 3337 1014 3402 enim
1039 3339 1166 3422 scripsi:

145 3426 307 3509 desuper
335 3427 493 3512 obliquo
517 3431 577 3492 est
599 3428 685 3510 atii,
714 3430 842 3492 secutus
867 3426 1008 3510 uestigia
1034 3424 1168 3511 Georgii

145 3514 270 3596 Veliae,
294 3517 348 3600 qui
373 3516 473 3580 habet
496 3517 638 3580 aluuia.
679 3517 715 3580 in
736 3515 870 3599 reliquie
892 3519 1002 3579 autern
1021 3514 1169 3580 editioni·

145 3603 205 3667 bus
234 3604 390 3687 seriptum
418 3609 469 3670 est
496 3605 588 3668 eliis
616 3605 688 3669 uia.
734 3626 811 3668 nam
838 3604 873 3668 in
901 3603 996 3667 libris
1029 3603 1091 3668 ΓΑ
1118 3603 1167 3667 hic

144 3712 259 3754 uersus
284 3691 492 3758 desideratur.
532 3693 700 3778 obliquans
722 3693 823 3780 igitur
841 3693 930 3756 uiam
949 3692 1003 3758 uel
1023 3697 1165 3757 meatum

143 3801 215 3850 esee
239 3779 297 3849 alii
319 3780 439 3850 circuio
463 3783 485 3848 i.
506 3804 534 3846 e.
556 3782 715 3867 signifero
737 3782 884 3847 Auienus
907 3781 1012 3846 docet
