2430 4274
514 490 731 554 ‚72-

109 634 265 719 gramina
288 633 316 698 si
340 632 444 715 carpit
467 652 592 696 semesa
613 631 758 715 petacius
782 651 892 714 anser,

117 723 144 787 ei
167 725 327 787 nocturna
349 721 412 785 tibi
434 720 545 786 cornix
569 720 669 804 canit,
691 718 846 804 hesperus
870 719 985 785 aethra

28 826 98 877 1777
116 832 188 876 7771
211 811 308 894 redit,
330 810 500 875 innumero
525 808 554 872 si
576 813 674 873 cantu
697 809 848 894 graculus
870 808 989 888 instat,
1139 827 1175 868 aa

117 902 144 964 si
168 899 329 964 matutino
352 897 522 982 fringuilla
543 898 684 963 resultat
707 897 748 962 ab
771 919 840 980 ore,

116 988 144 1052 si
167 989 298 1075 fugiunt
320 987 468 1053 uolucres
490 986 610 1069 raptim
632 986 718 1050 freta
739 986 872 1051 turbida
892 984 1008 1069 Nerei,

116 1077 255 1142 orcbilos
278 1077 416 1141 infestus
440 1075 468 1139 ei
490 1074 664 1140 floricomis
687 1075 879 1158 hymenaeis

115 1165 182 1230 ima
204 1165 287 1248 petit
309 1169 428 1248 terrae,
451 1164 480 1228 si
503 1163 641 1248 denique
663 1185 784 1248 paruus
808 1164 953 1229 eritheus

28 1268 97 1319 1776
117 1253 258 1318 succedit
280 1254 404 1337 trepide
427 1274 600 1336 scruposae
623 1273 764 1318 concaua
785 1253 890 1336 rupis,

117 1339 288 1426 Cecropias
312 1343 340 1406 si
363 1344 476 1426 pastus
500 1362 577 1426 apes
600 1341 726 1406 uicinus
750 1340 792 1407 ob
815 1341 888 1424 ipsa

115 1433 222 1496 castra
243 1429 369 1494 inhibet
390 1429 433 1495 fio
507 1451 568 1515 qua
591 1429 689 1494 simul
711 1430 867 1493 libamina
889 1433 1035 1494 maestae

114 1519 263 1603 proxima
284 1518 472 1603 decerpunt,
496 1519 524 1583 si
547 1517 714 1584 Threiciae
736 1539 795 1602 per
816 1522 931 1602 aperta

115 1611 231 1691 sponte
255 1629 351 1693 grues
375 1606 542 1690 trepidant
564 1629 623 1672 nec
646 1627 716 1672 saec
740 1607 914 1672 audacibus
939 1606 1073 1671 aethrae

28 1711 96 1762 1777
115 1697 325 1762 committunt
346 1696 471 1780 pinnis,
494 1699 531 1760 ut
554 1696 672 1782 longos
695 1716 792 1780 saepe
817 1696 945 1760 uolatus
1142 1712 1177 1754 us

114 1784 296 1850 formauere
320 1807 430 1869 super,
452 1785 482 1849 si
505 1784 604 1850 soluit
627 1806 746 1850 aranea
769 1805 890 1866 casses,

114 1875 227 1939 tenuia
249 1875 277 1939 si
299 1877 371 1939 toto
393 1872 484 1938 uehit
506 1879 616 1938 auster
639 1873 715 1938 licia
738 1873 841 1938 caelo:

62 1979 70 1995 ⁸
114 1985 189 2027 mcx
213 1965 425 2046 tempestates
450 1967 483 2027 et
505 1962 620 2026 nubila
642 1965 748 2026 taetra
771 1961 905 2026 cientur.

159 2050 243 2127 Quid
266 2052 390 2116 maiora
413 2052 551 2116 canam?
574 2051 656 2115 cinis
680 2072 734 2133 en,
757 2050 838 2114 cinis
862 2051 947 2134 ipse,
970 2057 1103 2134 repente

27 2155 186 2204 17777717
210 2141 289 2223 coit,
312 2141 433 2205 albenti
456 2140 512 2203 nix
535 2144 639 2203 terras
663 2141 763 2203 uestit
786 2139 915 2205 amictu.
1143 2155 1177 2197 aa

114 2229 169 2292 nix
193 2230 298 2312 operit
319 2233 437 2312 terras,
459 2228 567 2293 rutilis
590 2228 647 2292 ubi
670 2229 793 2292 lumina
815 2228 928 2311 prunis

114 2340 240 2381 summa
262 2317 380 2381 rubent
403 2321 572 2401 errantque
595 2317 687 2381 breui
710 2316 848 2401 caligine
871 2337 999 2381 crassae

113 2406 248 2470 interius
271 2407 408 2471 nebulae
432 2411 465 2470 ct
487 2406 587 2469 denso
610 2406 677 2470 iam
699 2404 803 2471 fomes
826 2405 860 2469 in
883 2405 953 2488 igni

114 2495 284 2559 marcescit
307 2495 446 2578 penitus,
492 2494 619 2577 pluuias
642 2516 719 2559 mox
742 2499 857 2577 arguet
879 2497 1023 2576 austros,

27 2598 96 2646 1780
114 2583 221 2647 induit
243 2583 412 2648 inmodicis
436 2605 510 2647 cum
533 2586 637 2647 semet
658 2582 792 2647 floribus
815 2583 889 2646 ilex.
1143 2601 1178 2640 aa

113 2673 225 2756 indiga
248 2694 323 2736 nam
349 2672 416 2737 suci
439 2673 530 2756 liguo
553 2676 669 2736 nature
691 2671 812 2755 rigenti
836 2674 886 2734 est

114 2765 146 2824 et
169 2783 241 2825 cum
264 2762 343 2825 flore
366 2782 560 2843 conopeum
585 2760 719 2825 brachia
742 2760 859 2845 glande
882 2763 1076 2844 gradentur,

186 2904 254 2952 1766
277 2899 405 2967 gramina
423 2898 451 2951 A
474 2896 597 2952 tramine
615 2898 641 2950 L
658 2901 668 2966 l
690 2914 798 2953 semesa
820 2899 948 2967 petaciua
969 2913 985 2952 7
1005 2915 1034 2953 77
1051 2913 1126 2951 meus

112 2972 211 3038 apetat
228 2969 270 3021 ius
290 2970 318 3021 A
336 2984 463 3022 semensa
481 2968 609 3036 petasius
629 2969 701 3037 Lau
719 2986 800 3023 anser
818 2973 846 3023 A
864 2968 943 3023 aufer
962 2969 989 3021 L
1061 2974 1127 3023 1760

112 3040 257 3094 innumero
280 3055 296 3093 v
315 3039 344 3092 in
363 3054 478 3092 numero
497 3041 548 3092 Aa
566 3040 725 3095 innumeras
743 3041 769 3092 L
786 3042 796 3108 7
813 3040 945 3110 graculus
963 3058 977 3094 e
995 3040 1129 3110 gracchu-

111 3110 154 3163 lus
173 3113 200 3165 A
220 3111 354 3180 gragulus
372 3109 398 3162 L
455 3115 524 3164 1761
543 3110 690 3179 fringuilla
708 3128 722 3164 e
739 3111 880 3180 pinguilla
898 3113 925 3164 A
945 3111 1092 3178 frinqnilla
1105 3110 1131 3162 L

114 3186 182 3235 1767
201 3183 306 3250 raptim
324 3184 352 3235 A
370 3180 446 3250 rapti
464 3181 491 3233 L
504 3183 514 3251 ΙΙ
528 3181 612 3235 Nerei
630 3182 680 3236 Le
697 3182 782 3236 Nesei
799 3183 827 3234 A
879 3188 948 3236 1763
967 3181 1130 3250 hymenaeis

111 3267 125 3305 c
147 3253 285 3322 hymineis
304 3255 331 3306 A
406 3257 474 3306 1764
496 3252 570 3321 petit
592 3269 605 3306 e
627 3255 693 3320 pete
712 3254 739 3305 A
813 3258 881 3307 1765
902 3251 1011 3322 trepide
1030 3254 1130 3321 scripsi

111 3324 146 3389 cf.
166 3339 260 3392 propr.
280 3323 392 3391 Ersart.
417 3341 442 3405 7.
463 3328 540 3378 1682
559 3341 590 3403 p.
611 3323 683 3375 XII
701 3322 829 3391 trepidae
850 3326 902 3378 Aa
918 3326 930 3391 7
947 3338 1131 3391 scrnpcsaee

110 3394 648 3534 7771177777777717
661 3400 892 3519 raleii&
911 3394 1130 3533 ‘'rtldssahl

109 3535 136 3584 A
151 3535 249 3602 pennis
264 3535 312 3604 Lll
326 3535 425 3605 longos
439 3553 455 3589 v
473 3538 575 3603 longus
588 3537 641 3590 Ae
659 3536 758 3618 longos
777 3537 802 3589 L
816 3539 826 3606 ΙΙ
839 3536 952 3590 uolatus
970 3538 996 3588 A
1017 3536 1129 3590 uolatur

38 3656 44 3669 ,
109 3602 136 3655 L
211 3610 279 3658 1777
303 3605 369 3658 17777
392 3624 405 3660 c
428 3606 490 3661 litia
508 3609 536 3660 A
609 3613 679 3662 1774
699 3608 768 3663 ernis
788 3624 821 3662 en
841 3607 912 3662 ciuis
925 3606 1041 3661 Grotius
1060 3607 1127 3660 cinis

109 3673 219 3728 cinisA
258 3680 326 3729 1776
341 3676 618 3747 pruniscprimisA
657 3684 725 3732 1777
741 3679 820 3734 breui
840 3697 853 3733 c
872 3679 971 3733 breues
992 3680 1017 3730 A
1032 3680 1042 3746 7
1057 3693 1126 3732 cras·

109 3760 155 3798 sae
174 3745 289 3800 Grotius
307 3761 401 3802 crassa
419 3749 446 3800 A
