2430 4274
500 525 740 591 -273-

108 690 141 752 et
159 706 253 752 mora
269 683 441 752 habitandi
459 685 501 751 ad
519 684 725 751 commodum
739 706 834 750 sunm
846 687 959 751 ututur
973 686 1006 749 et
1019 704 1124 751 nauso
1144 705 1178 755 ro

107 775 216 840 aliaue
238 794 305 859 qua
325 774 404 838 naui
422 795 524 859 usque
544 772 585 838 ad
603 773 757 861 oppidum
775 772 925 858 praebita
941 772 1048 860 frugis
1067 772 1124 838 ali·

106 867 265 948 quantum
287 865 418 928 nostrae
441 862 562 928 aduehi
584 863 703 947 possit,
726 860 927 927 Lucaniacus
950 865 988 927 ut
1010 862 1125 946 inopia

104 952 263 1017 liberetur
293 954 433 1015 mature:
465 953 536 1017 tota
567 951 625 1015 illa
656 949 782 1016 familia
813 950 957 1017 hominis
985 951 1126 1016 litterati

104 1061 170 1106 non
189 1038 231 1105 ad
245 1037 344 1104 Tullii
362 1039 623 1122 frumentariam,
642 1038 699 1105 sed
718 1039 760 1105 ad
774 1035 1002 1105 Curculionem
1014 1038 1125 1104 Plauti
1156 1107 1159 1112 ,

104 1128 290 1212 pertinebit
327 1127 390 1193 hoc
414 1149 477 1212 quo
500 1128 629 1193 facilius
652 1129 870 1213 impetrarem,
894 1130 952 1193 aut
970 1149 1034 1213 quo
1053 1149 1124 1192 ma·
1143 1146 1177 1198 rt

104 1218 208 1284 iorem
235 1217 394 1283 uerereris
421 1216 621 1302 molestiam,
653 1218 682 1282 si
708 1237 861 1302 negares,
895 1216 1123 1283 concinnatam

105 1307 224 1372 iambis
255 1306 483 1390 signatamque
513 1305 553 1370 ad
585 1309 619 1370 te
645 1306 821 1392 epistulam
853 1305 943 1383 misi,
975 1327 1016 1370 ne
1048 1305 1123 1371 sub·

105 1398 256 1460 ornatum
279 1394 403 1459 diceres
429 1393 651 1477 tabellarium,
682 1393 711 1459 si
735 1393 778 1459 ad
799 1397 833 1458 te
857 1393 927 1459 sine
951 1392 1038 1479 sigui
1059 1392 1124 1459 fide

103 1483 243 1548 ueniret.
279 1482 409 1567 signaui
432 1486 557 1568 autem,
579 1504 661 1566 non,
682 1486 720 1547 ut
741 1481 879 1547 Plautus
902 1482 963 1561 ait,

171 1587 235 1653 Per
257 1609 364 1654 ceram
388 1591 422 1653 et
444 1588 571 1672 lignum
594 1588 785 1672 litterasque
807 1589 1015 1674 interpretem
1141 1607 1177 1659 1ο

104 1694 161 1760 sed
184 1715 243 1779 per
262 1695 426 1779 poeticum
447 1694 681 1760 characterem:
705 1695 810 1780 magis
834 1699 948 1761 notam
970 1695 1124 1780 inustam,

103 1804 203 1866 quam
227 1783 359 1869 signum
382 1783 577 1867 impressum
599 1783 768 1848 iudicares.

103 1905 240 1990 Philon,
262 1906 344 1972 meis
368 1907 424 1990 qui
445 1906 599 1972 uilicatm
622 1906 777 1991 praediis,

149 1993 196 2060 Vt
217 1995 289 2079 ipse
311 1994 396 2078 uult,
420 1992 610 2080 ἐπίτροπος,

102 2080 206 2168 (Nam
230 2083 411 2167 gloriosum
434 2081 610 2149 Graeculus
632 2105 751 2149 nomen
774 2087 884 2169 putat,

149 2169 242 2246 Quod
267 2192 372 2237 sermo
395 2172 485 2237 fucat
508 2169 644 2258 Durius)

102 2258 178 2325 Suis
201 2260 354 2344 querellis
377 2259 499 2325 adserit
521 2265 652 2327 nostras
675 2283 800 2346 preces,

149 2347 235 2423 Quas
259 2349 330 2433 ipse
351 2349 460 2414 lentus
483 2370 672 2434 prosequor.

100 2435 240 2502 Videbis
263 2437 384 2521 ipsum,
407 2437 514 2522 qualis
538 2438 646 2504 adstet
668 2438 863 2523 comminus,

147 2524 261 2610 Imago
284 2525 436 2591 fortunae
459 2547 550 2611 suae,
881 2553 884 2558 ·

100 2611 226 2698 Canus,
249 2635 413 2697 comosus,
435 2614 598 2699 hispidus,
620 2618 709 2699 trux,
732 2615 876 2698 atribux,

147 2701 363 2768 Terentianus
386 2701 555 2782 Phormio,
1087 2717 1120 2765 10

175 2848 210 2897 14
231 2841 457 2914 frumentarium]
482 2841 517 2897 ef.
537 2841 696 2898 Priscianus
713 2841 767 2896 VII
786 2848 834 2910 62,
858 2839 965 2896 Probus
983 2839 1048 2896 inst.
1066 2842 1119 2896 art

99 2918 145 2982 10,
166 2918 183 2969 8
201 2912 235 2968 K.
325 2917 361 2968 20
378 2910 472 2968 Plaut.
491 2910 591 2968 Pseud.
611 2914 624 2968 1
643 2918 667 2982 1,
686 2919 722 2968 40
741 2916 798 2984 (42)

174 2991 209 3039 10
227 2983 326 3040 Cicero
343 3000 395 3053 pro
415 2983 656 3052 Caecina10‚2⁷:
675 3001 728 3040 nec
745 2983 839 3039 minus
858 2983 939 3054 niger
956 2999 1008 3038 uec
1026 2982 1119 3038 minus

98 3055 244 3111 confidens
262 3071 347 3125 quam
365 3053 416 3109 ille
434 3052 620 3110 Terentianus
639 3059 684 3111 est
700 3053 841 3111 Phormio.

63 3212 69 3217 -
173 3184 206 3234 11
226 3179 294 3251 qua]
314 3178 414 3248 queuis
434 3178 480 3248 G}
500 3178 569 3233 naui
586 3178 687 3251 usque]
706 3179 857 3249 nauimque
873 3178 917 3248 ΤΙ
937 3176 1053 3248 opidum
1068 3178 1094 3233 T
1112 3179 1117 3250 Ι

96 3250 309 3321 aliquantulum
327 3248 355 3304 G
428 3255 460 3305 12
481 3249 584 3306 deuehi
602 3250 641 3304 Μ
712 3256 747 3304 14
765 3250 905 3305 sulionem
924 3248 951 3303 Ζ
971 3262 1082 3318 cornu

97 3321 258 3378 tenereris
278 3320 305 3377 Τ
325 3321 445 3376 narraris
464 3320 534 3376 GM
548 3332 655 3389 comm
711 3327 745 3376 11
763 3319 852 3375 iambi
871 3320 960 3389 ΤΜΙ
985 3337 1047 3391 quae
1068 3319 1094 3374 T
1112 3322 1116 3392 Ι

96 3391 222 3464 epl’aT
291 3397 326 3447 20
350 3390 418 3465 que]
446 3393 523 3462 quod
541 3393 568 3447 G
639 3397 673 3447 11
698 3393 870 3448 caracterem
888 3391 915 3446 Ζ
941 3393 946 3460 Ι
975 3394 1009 3446 ut
1025 3391 1117 3462 magia

96 3465 256 3521 Mommsen
270 3466 304 3519 ut
317 3479 368 3521 om.
380 3464 406 3517 Ζ
421 3468 426 3531 Ι
445 3466 515 3518 notu
523 3463 616 3517 minus
626 3465 762 3533 tanquam
771 3462 798 3516 Z
808 3466 877 3519 nots
886 3461 1020 3517 uiinusts
1033 3479 1119 3532 quam

96 3535 257 3619 sisignum
274 3533 366 3617 Setis..
381 3550 450 3623 corr.
468 3535 621 3590 Mommsen
651 3536 661 3604 1
694 3533 829 3618 1111101
847 3535 909 3589 inis.
924 3533 1116 3606 mim.scr.Tl

94 3606 247 3734 lffintlll
261 3604 1118 3760 tielrewertsuccessisset

144 3748 303 3818 tquerehs
323 3749 349 3802 Z
372 3750 378 3818 Ι
403 3747 521 3818 adserit]
541 3748 580 3802 Μ
648 3750 756 3803 uncos
775 3747 802 3803 G
827 3750 831 3816 Ι
860 3746 1075 3804 commusTM

95 3827 114 3877 9
135 3818 250 3876 stribux
267 3820 295 3875 Z
316 3837 356 3874 am
379 3819 494 3874 scribux
516 3814 701 3892 (ἄκρόβυστος
722 3818 919 3889 praeputiatus
937 3820 956 3874 ι’.
975 3816 1118 3872 truculen-

94 3893 177 3962 tus)?
244 3888 531 3946 resonantiarum

152 3990 285 4031 Aureum.
924 3981 957 4031 18
