2430 4274
470 517 508 529 ¹-
557 499 757 549 LXXIII-

94 640 115 706 s.
130 641 236 764 Ρ-ῗῑ*
253 636 398 763 Ρηιξξαϋο
413 640 442 695 et
455 638 566 694 Tabula
579 641 705 696 omnium
719 657 833 712 operum
849 660 921 712 quae
935 645 965 700 in
978 647 1034 702 hoo
1045 646 1119 704 libro

93 783 165 850 W
185 725 332 881 »Δοιίῖοἳῖιιίξι
344 753 441 850 peonii
462 782 565 851 poetae
589 781 766 838 disertissimi
792 785 1022 856 epigrammatis
1046 787 1120 844 liber

224 868 314 906 mnus
335 893 342 906 .

94 925 116 991 ι’.
130 927 185 979 49¹¹
203 868 387 992 depliciunt
400 938 434 977 ea
442 921 562 978 Ausonii
575 922 745 993 fragmenta.
770 924 848 991 Quae
861 926 1001 999 muidis*)
1016 932 1119 987 cuncta

205 992 368 1128 οἳῗοὲἁοηὲ
380 995 508 1119 ιιοτέαῒω
532 994 569 1048 ad
590 1011 691 1051 manus
708 997 821 1053 nostras
839 997 936 1054 uenire
953 999 1090 1070 permisit.
1112 1002 1116 1072 l

205 1085 221 1119 τ
323 1107 329 1120 .
383 1106 390 1120 .
405 1106 412 1119 .
467 1102 474 1116 .

259 1065 393 1198 adimus
410 1065 520 1190 iuerain
538 1135 627 1191 solus:
645 1141 700 1192 νῦν
718 1139 792 1207 zelle
812 1134 842 1192 ri
861 1140 957 1210 κοσμῶ

313 1204 438 1261 Artificis
456 1201 535 1276 χειρὴ
556 1201 614 1261 ἐισί
628 1205 659 1262 rs'
678 1203 728 1262 auis
747 1204 847 1278 piosa

260 1274 348 1332 Τοῦτ’
370 1275 454 1347 ἔργον
474 1294 538 1332 cum
556 1277 650 1347 prisca
668 1281 754 1348 queat
771 1295 908 1335 renouare
928 1283 1067 1337 uetsrstas:

312 1347 383 1402 'Itum
401 1347 467 1411 stoc
485 1347 610 1418 antiquis
627 1349 769 1419 praeferet
786 1350 915 1406 officiis.“

96 1445 278 1525 sequuntur
307 1463 327 1505 a
353 1439 376 1505 f.
394 1440 563 1506 501-9912
595 1439 704 1505 Publii
732 1440 841 1507 Ouidii
866 1441 1008 1508 Nasonis
1033 1440 1116 1509 Gon·

96 1529 218 1595 solatio
243 1529 284 1596 ad
302 1528 432 1594 Liuiam
451 1528 637 1614 Augustam
660 1529 699 1594 de
722 1534 826 1596 morte
845 1529 967 1614 Drusii,
989 1531 1116 1596 Probae

96 1615 264 1684 Centonae
292 1621 478 1702 excerptum
501 1639 518 1683 e
541 1616 685 1683 Maronis
711 1618 922 1704 carminibus,
949 1619 1016 1684 Titi
1039 1617 1115 1685 Cal-

95 1706 229 1792 phurnii
264 1706 358 1772 siculi
394 1707 578 1772 bucolicum
615 1728 758 1789 carmen,
798 1706 907 1771 Publii
944 1705 1116 1790 Graegorii

96 1794 221 1860 Tiferni
256 1794 397 1879 hymnus
433 1796 469 1859 in
504 1795 694 1860 trinitatem.
736 1795 801 1861 uid.
837 1794 955 1879 Peiper
987 1794 1115 1861 Ueberl.

96 1906 124 1969 p.
139 1884 207 1950 195
217 1905 288 1969 sqq.
306 1919 344 1931 —
360 1882 485 1949 Graeca
505 1887 618 1949 extant
636 1883 671 1948 in
686 1883 717 1950 G
735 1884 845 1949 omnia
859 1887 989 1969 praeter
1002 1904 1115 1966 pauca,

97 1994 180 2057 quae
203 1973 240 2036 in
262 1971 367 2056 Epist.
387 1971 468 2037 VIII
482 1968 563 2059 (XII)
587 1971 733 2037 Titianus
757 1995 884 2058 quoque
908 1973 1028 2038 omisit.

162 2060 418 2127 Vindobonense
438 2062 613 2147 exemplar,
636 2084 699 2147 quo
718 2084 795 2127 usus
814 2084 896 2146 sum,
914 2063 1019 2146 primo
1033 2060 1114 2126 folio

95 2149 291 2215 destitutum
323 2154 388 2233 est,
416 2151 451 2215 in
480 2173 544 2235 quo
572 2149 731 2233 praefatio
759 2150 895 2216 editoris
923 2155 1006 2232 erat,
1036 2150 1114 2214 duo-

96 2238 221 2323 busque
250 2260 289 2304 ax
313 2238 498 2304 Gratiarum
528 2240 655 2304 actione
682 2235 836 2326 (alterum
864 2241 950 2304 inter
973 2239 995 2304 f.
1014 2239 1056 2303 29
1082 2241 1115 2302 et

95 2328 147 2413 30,
172 2329 312 2428 alterum
334 2328 420 2393 inter
438 2329 460 2392 f.
479 2328 521 2393 33
542 2332 575 2393 et
593 2328 637 2393 34
655 2357 697 2380 =
717 2351 769 2393 uu.
786 2329 961 2394 125-200
979 2325 1115 2428 maluult

95 2413 1151 2583 astitistis?tristitiis}alitilia..til:f

253 2595 447 2659 Harteiuuus
460 2596 549 2660 2578
566 2594 668 2659 chart.
686 2593 754 2658 foll.
769 2593 833 2658 301
855 2615 878 2659 s.
892 2592 956 2657 XV
975 2612 1020 2656 ex.
1041 2612 1114 2657 scr:

185 2683 268 2747 ineo
277 2687 354 2767 post
363 2683 455 2748 uaria
464 2705 573 2766 opera,
582 2683 617 2748 in
628 2682 746 2766 quibus
757 2679 949 2766 Calphurnii
958 2680 1115 2764 bucolica,

187 2776 339 2836 secuntur
360 2772 382 2838 f.
403 2772 596 2836 169-24812
618 2771 757 2836 Ausonii
784 2772 940 2855 opuscula
967 2792 1040 2835 cum
1067 2770 1114 2834 in·

186 2859 312 2924 dicibus
331 2860 520 2944 praemissis
539 2860 702 2946 descripta
720 2882 759 2925 ex
778 2861 825 2924 ed.
842 2859 991 2944 principe
1006 2857 1114 2923 Girar·

185 2948 268 3032 dini3
302 2949 422 3014 subscr.
462 2955 540 3022 „Hec
568 2957 634 3009 sunt
661 2971 695 3009 ea
716 2954 833 3009 Ausonii
858 2954 1017 3024 fragmenta
1041 2970 1116 3023 quae

185 3037 252 3088 sunt
273 3032 380 3104 scripta
402 3036 431 3087 in
455 3032 599 3089 codicibus
617 3033 769 3103 impressis.
801 3034 902 3103 quibus
922 3032 1040 3103 apposui
1057 3032 1116 3087 alia

187 3104 307 3174 quedam
322 3105 447 3160 eiusdem
462 3122 534 3174 quae
547 3105 681 3173 leguntur
694 3104 723 3158 in
737 3104 851 3159 uetusto
866 3104 961 3159 codice
972 3120 1006 3158 ex
1015 3102 1115 3158 biblio·

185 3183 270 3239 theca
292 3184 352 3239 diui
375 3183 463 3239 marci
485 3182 662 3248 florentiae⁸‘;
689 3199 728 3241 ea
755 3183 831 3243 sunt
856 3201 875 3243 a
897 3177 919 3244 f.
938 3177 1116 3242 249-260

184 3264 350 3331 Mosella
380 3288 453 3331 cum
482 3265 670 3350 Symmachi
701 3266 840 3350 epistula
868 3271 900 3330 et
928 3262 1115 3331 Caesares

187 3359 328 3421 monost.
350 3361 384 3420 et
406 3358 532 3420 tetrast.
551 3355 671 3437 1-803
695 3355 782 3419 haud
805 3355 902 3419 dubie
926 3376 965 3418 ex
980 3353 1115 3439 Maglia-

185 3443 365 3509 becchiano
384 3443 539 3527 descripti
559 3440 631 3529 (sed
649 3444 753 3508 multo
772 3443 999 3529 neglegentius
1018 3465 1115 3528 quam

185 3533 220 3597 in
244 3534 292 3618 λ),
326 3556 364 3598 ex
397 3554 460 3618 quo
490 3533 589 3597 etiam
617 3531 772 3598 lectiones
800 3533 1010 3617 depromptae
1039 3534 1115 3596 sunt

184 3621 272 3686 haud
305 3644 389 3687 raro
426 3622 490 3687 litt.
526 3621 567 3685 ol.
606 3620 677 3685 add.
714 3621 749 3686 in
785 3622 933 3706 margine
970 3620 1115 3703 priorum

185 3711 416 3796 opusculorum
440 3710 592 3775 adiectae.
634 3710 794 3774 clauditur
818 3731 937 3795 agmen
957 3707 1116 3775 Ausonia-

166 3849 193 3921 ’)
213 3850 268 3919 sic,
287 3848 385 3905 sedin
402 3849 501 3905 tabula
518 3848 676 3919 praemissa
694 3851 770 3904 recte
789 3847 894 3918 legitur
912 3846 1018 3901 inuida.
