2400 4282
463 90 593 151 ,,.3,1
646 127 679 133 ,.

68 251 189 335 Magna
213 251 263 314 cui
288 255 320 312 et
344 249 452 312 uariae
478 251 626 333 quaesita
648 249 784 332 pecunie
808 251 904 313 sortis

113 339 249 403 Heredis
272 338 361 402 nullo
385 338 515 401 nomine
538 342 611 402 tuta
633 338 725 422 perit.

68 429 196 512 Raptus
221 427 306 492 enim
329 426 424 491 laetis
447 432 482 491 et
504 427 610 491 adhuc
633 426 824 491 florentibus
848 427 940 491 annis
1062 444 1078 493 5

113 517 217 581 Trans
241 538 329 580 mare
353 521 386 580 et
409 516 533 601 ignaris
556 515 715 580 fratribus
738 515 884 599 oppetiit

68 606 172 671 Iulius
195 606 229 669 in
254 606 387 690 longam
410 604 562 688 produxit
583 605 654 669 fate
676 607 853 688 senectam,

115 693 270 759 Adfectus
293 694 419 757 damnis
442 694 742 758 innumerabilibus.

71 784 135 862 Qui
158 784 259 847 comis
282 782 485 866 blandusque
509 787 542 846 et
564 804 677 847 mensa
699 782 888 848 commodus
911 784 1008 848 uncto

115 871 257 936 Heredes
282 870 353 936 solo
376 871 506 935 nomine
530 893 590 936 nos
614 871 738 936 habuit.
1048 886 1079 934 ιο

71 961 178 1026 Ambo
201 960 260 1044 pii,
284 960 378 1023 uultu
401 960 536 1039 similes,
561 960 634 1025 ioco
656 960 740 1024 serie
763 960 873 1043 mixti,

116 1049 199 1113 Aeni
223 1048 387 1112 fortunam
411 1070 477 1112 non
500 1049 641 1113 habuere
665 1070 785 1132 parem.

73 1138 211 1204 Discreti
236 1159 432 1223 quemquem
455 1138 591 1202 tumulis
614 1137 795 1203 ethonore
818 1137 948 1222 locetis,

117 1226 294 1293 Commune
317 1227 378 1291 hoc
401 1226 495 1292 uobis
519 1247 636 1291 munus
659 1226 792 1291 hebete:
816 1227 900 1297 nole.

21 1441 75 1493 {mr}
174 1418 248 1475 VIII.
275 1417 453 1474 A'I'PVSIVS
471 1417 642 1473 chqus
659 1415 826 1473 TALISIVS
845 1415 970 1474 SOCER

73 1530 136 1605 Qui
159 1549 306 1611 proceres
330 1532 535 1612 ueteremque
559 1528 647 1593 uolet
668 1528 833 1593 celebrere
856 1531 1005 1593 senatum

42 1678 45 1684 .
118 1614 276 1700 Oleraque
301 1616 342 1679 ab
365 1621 480 1679 exortu
504 1620 678 1680 stemmate
700 1616 912 1702 Burdigalae,

72 1704 181 1787 Teque
204 1708 359 1786 tuumque
383 1724 485 1788 genus
509 1709 678 1788 memoret,
700 1704 831 1770 Lucane
854 1705 973 1788 Telisi,

117 1791 264 1857 Moribus
287 1792 411 1856 ornasti
435 1794 490 1877 qui
513 1797 639 1858 ueteres
661 1816 811 1878 proauos.

72 1880 212 1945 Pulcher
233 1880 355 1946 honore
378 1882 458 1965 oris,
481 1883 659 1967 tranquillo
681 1887 815 1966 pectore
838 1884 956 1967 comis,
1068 1899 1083 1946 t

117 1968 269 2035 Facundo
293 1970 441 2054 quemuis
464 1972 568 2036 maior
591 1972 632 2035 ab
655 1971 802 2055 ingenio:

73 2054 203 2125 Vermtu
227 2063 261 2124 et
283 2059 366 2123 ruris
389 2060 478 2125 cultu
502 2060 671 2144 uictusque
694 2060 801 2125 nitore

118 2148 220 2213 Omne
244 2170 360 2213 oenum
382 2169 554 2233 peregens,
576 2149 707 2233 publice
730 2148 924 2233 despiciens:

72 2234 174 2301 Nosci
196 2238 283 2301 inter
304 2237 428 2320 primos
452 2238 596 2321 cupiens,
620 2237 709 2320 prior
733 2259 803 2301 esse
828 2259 996 2322 recussus,

119 2322 193 2409 Ipso
216 2329 273 2389 tuo
297 2325 410 2388 uiuens
435 2347 589 2412 segregus
613 2327 759 2391 arbitrio.
1056 2343 1087 2390 ιο

73 2410 218 2497 Optobes
241 2418 277 2477 tu
301 2434 352 2477 me
375 2434 530 2498 generum
554 2415 687 2480 florente
710 2416 857 2479 iuuenta:

118 2500 239 2587 Optare
263 2501 324 2566 hoo
346 2506 489 2586 tantum,
511 2525 576 2569 non
600 2508 633 2567 et
656 2503 775 2568 habere
799 2504 922 2570 datum.

72 2586 162 2655 Vota
183 2591 325 2676 probant
348 2592 456 2676 superi
480 2593 668 2677 meritisque
691 2593 839 2658 fauentia
861 2595 985 2660 sanctis

118 2677 251 2765 Inplent
274 2679 354 2764 fota,
377 2680 439 2744 uiri
462 2682 546 2764 quod
571 2683 701 2746 uoluere
724 2681 811 2747 boni.

72 2762 120 2831 Et
141 2788 227 2835 nunc
248 2769 397 2853 perpetui
420 2770 521 2834 sentis
545 2770 604 2834 sub
629 2771 752 2836 honore
775 2770 931 2855 sepulcri,
1057 2785 1089 2834 15

119 2854 224 2933 Quom
248 2879 398 2923 reuerens
421 2864 517 2922 natae
541 2880 701 2942 quamque
724 2859 773 2922 tui
797 2880 957 2923 mancam.

145 3014 273 3069 lerodis
298 3014 355 3080 V¹l
375 3015 450 3087 tute]
470 3017 555 3070 caute
574 3015 674 3084 Pciper
745 3015 854 3070 reduc
878 3015 915 3067 7ι
990 3014 1092 3072 Seffo-

73 3082 138 3139 cu·
162 3084 215 3154 71
243 3085 494 3141 innumernnilibus
520 3086 557 3139 V¹
631 3092 663 3141 10
685 3087 790 3141 Eredes
820 3086 847 3139 V
919 3092 954 3140 12
977 3086 1092 3143 nom

85 3154 123 3212 al.
139 3156 159 3211 h
176 3163 203 3213 et
219 3174 236 3212 e
253 3159 291 3227 cr)
316 3156 342 3209 V
404 3164 437 3212 18
456 3173 541 3212 onore
566 3157 603 3211 V¹
667 3163 701 3211 14
719 3157 801 3212 nobis
819 3156 880 3225 (uh)
900 3158 946 3213 uel
964 3163 1092 3215 nostrum

85 3224 147 3298 rm)
166 3229 266 3298 Petpcr
289 3228 369 3282 nerui
394 3228 454 3295 711
479 3229 561 3284 nbete
585 3228 611 3281 V

148 3315 214 3372 vm
232 3322 248 3372 5
261 3316 360 3387 pulcer
372 3314 400 3370 V
449 3322 465 3371 6
480 3317 609 3387 quamuis
622 3317 698 3384 (olim
708 3331 762 3386 que
772 3315 855 3384 cluis)
864 3316 968 3388 Peiper
986 3318 1059 3375 cinis
1071 3317 1098 3373 V

110 3392 146 3444 11
165 3387 285 3444 obtabas
308 3386 351 3455 71
370 3387 486 3443 iubente
506 3387 531 3441 V
585 3394 617 3441 12
636 3388 733 3443 obtare
753 3387 797 3455 71
817 3388 903 3443 abere
926 3388 954 3444 7
1001 3396 1035 3445 18
1054 3390 1094 3445 lo·

73 3454 175 3515 lnotio
191 3457 218 3513 V
288 3463 321 3513 16
339 3459 463 3514 referens
488 3457 514 3510 V
529 3474 598 3514 corr.
615 3459 744 3529 Lupdun.
