2430 4274
453 540 692 605 ..404..

64 723 163 768 causa
190 699 355 765 adhibitus
383 699 466 764 nihil
490 699 635 765 omnium
662 699 697 764 in
719 696 827 763 Vlixis
855 698 967 784 domo,
997 699 1082 786 quod

65 789 337 856 contumeliosum
365 791 464 873 esset,
497 787 653 872 ediderat,
684 790 717 853 et
743 785 889 852 Medonti
917 789 1083 874 praeconi,

65 878 155 945 cuius
178 877 357 943 modestiae
380 876 478 942 etiam
502 875 714 942 Telemachus
738 875 947 961 suffragatur.
986 882 1082 962 atque

64 968 119 1052 qui
151 988 223 1032 cum
256 965 451 1031 Telemacho
485 968 594 1046 erant,
631 963 847 1030 Melanthium
883 963 1081 1031 famulorum
1101 983 1126 1030 15

65 1055 172 1123 Vlixis
195 1077 309 1136 unum,
332 1055 387 1139 qui
409 1075 582 1139 procorum
606 1054 806 1138 proteruiam
829 1075 958 1139 semper
976 1076 1081 1121 arma

65 1147 172 1229 uerat,
200 1143 419 1209 cruciabiliter
447 1142 607 1208 occidunt.
653 1141 779 1227 puellas
807 1142 880 1206 inde
904 1143 1082 1222 duodecim,

65 1254 148 1319 quse
181 1254 255 1298 cum
287 1231 393 1316 procis
426 1231 588 1316 flagitiose
620 1233 868 1314 consueuerant,
906 1231 1081 1316 suspendio

65 1321 236 1406 perimunt
280 1318 394 1385 Vlixes
423 1319 519 1384 caede
543 1318 584 1385 ed
607 1320 738 1404 plenum
761 1323 949 1404 perpetrata
972 1320 1080 1406 ignem

65 1409 174 1481 adolet
196 1410 391 1492 incensoque
414 1407 569 1492 sulphure
593 1408 726 1474 domum
749 1409 876 1492 piaculo
900 1412 1029 1494 purgat.
1096 1424 1109 1471 r

521 1669 621 1724 XXIII.

208 1788 372 1920 {fidiliss'
394 1792 434 1857 εἰς
453 1787 560 1868 ὑπερῷ’
580 1788 735 1878 ἇῃεβήσετο
753 1793 961 1876 sancituros>

230 1865 400 1921 halcrdrcum
418 1881 517 1936 gressu
534 1867 629 1920 nutrix
647 1864 799 1936 superabat
816 1867 895 1923 anrla

137 2009 286 2094 Euryclia
317 2009 428 2074 nutrix
460 2014 573 2094 gestae
601 2009 648 2074 rei
675 2009 790 2075 nuntia
818 2009 1016 2093 Penelopam
1043 2009 1081 2074 dc

66 2120 180 2164 somno
205 2099 333 2163 excitat
371 2119 455 2181 quae
479 2098 705 2163 aduenientem
728 2098 822 2163 adse
842 2098 997 2163 maritum
1016 2120 1080 2164 non

66 2194 187 2253 temere
210 2187 316 2270 ipsum
343 2208 413 2251 esee
437 2186 500 2252 sibi
523 2187 694 2270 persuadet
717 2193 751 2252 et
772 2186 911 2272 quadarn
941 2186 1107 2253 cubiculis

66 2278 137 2361 lege
166 2278 199 2338 et
226 2275 364 2360 genialis
397 2276 508 2340 lectuli
540 2277 650 2360 positu
684 2276 746 2340 eibi
775 2280 904 2341 tantum
933 2279 966 2340 et
994 2274 1079 2340 Vlixi

66 2363 211 2450 cognito,
248 2386 290 2429 an
318 2364 389 2448 ipsc
421 2365 465 2428 sit
496 2365 647 2448 maritus,
679 2364 838 2449 explorat.
884 2365 919 2427 in
952 2368 1079 2429 coetum

66 2452 180 2519 deiude
208 2454 404 2518 conueniunt
430 2456 598 2537 totamque
626 2455 753 2518 noctem
787 2456 900 2517 mutuo
933 2474 1079 2519 sermone

66 2547 271 2607 consumunt.
308 2545 342 2606 et
360 2541 414 2606 hic
433 2541 562 2624 quidem
582 2541 712 2626 elegans
731 2541 900 2626 replicatio
921 2540 1080 2624 laborum,

67 2652 148 2715 quos
172 2629 286 2695 Vlixes
310 2631 459 2715 pertulit,
481 2631 565 2694 mira
588 2630 834 2695 concinnatione
858 2629 1033 2714 colligitur.
1096 2646 1118 2692 ru

68 2774 279 2782 ——.—-——

139 2863 171 2913 12
190 2855 263 2911 nihil
282 2855 407 2911 omnium
427 2857 526 2927 Pcipcr
550 2851 734 2911 nich'ominus
753 2856 781 2911 P
803 2854 876 2911 nihil
894 2856 1011 2913 omnino
1029 2857 1081 2912 Ac·

66 2929 175 2984 cursitas
258 2933 290 2981 13
314 2927 530 2982 esturnellorum
552 2928 590 2981 Ρ·
619 2929 623 2996 Ι
652 2927 783 2998 praeconi
801 2929 953 2982 Accersas
988 2927 1083 2982 uniP

66 2998 149 3053 unius
172 2997 307 3052 Heinsius
380 3002 413 3052 14
437 2998 624 3067 suffragatura
647 3000 792 3068 quicumq3
813 2997 841 3052 P
866 2997 1080 3068 suffragabatur.

67 3068 235 3138 thuicum
251 3067 377 3137 Vpoletue
390 3070 433 3136 (at
442 3069 557 3124 Scluntl
571 3070 655 3139 atque
665 3069 774 3139 Pcipcr)
823 3075 855 3123 15
869 3069 1049 3125 melanilium
1058 3069 1085 3125 P

104 3144 138 3195 16
160 3138 334 3210 proterinam
357 3139 385 3194 P
456 3146 487 3195 17
511 3139 563 3194 XIl
587 3140 615 3195 P
686 3144 718 3194 18
741 3139 832 3210 prosis
858 3141 886 3194 P
964 3146 997 3195 19
1021 3159 1083 3212 per·

67 3213 150 3266 munt
169 3210 197 3265 P
267 3215 302 3264 20
321 3210 452 3280 sulphore
471 3209 500 3265 P

138 3299 230 3353 XXIII
250 3305 263 3352 1
283 3315 333 3354 om.
351 3298 378 3351 P
437 3305 453 3354 2
474 3298 642 3354 halcidicum
664 3300 710 3370 Pl
727 3300 878 3369 superabat
896 3300 938 3354 tls
956 3316 1009 3355 scr.
1026 3299 1056 3353 P

68 3370 206 3425 scurilia
226 3370 374 3438 Plgeatu
392 3369 419 3422 P
487 3369 622 3424 ttimere
643 3370 837 3439 Plessesibi
857 3369 1087 3439 Perperene?

67 3457 127 3495 esse
146 3458 175 3494 se
194 3440 310 3496 Schenkl
329 3441 334 3510 Ι
357 3442 387 3495 et
404 3440 531 3506 Schenkl,
550 3457 600 3496 om.
621 3441 649 3495 P
718 3448 734 3496 6
754 3441 859 3512 geniali
878 3441 992 3495 lectulis
1012 3442 1085 3512 poei-

67 3515 112 3566 tus
130 3510 171 3566 ibi
192 3510 242 3579 ΡΙ
265 3511 341 3566 ulixe
361 3511 389 3564 P
460 3510 524 3566 'lin
543 3515 643 3566 cetum.
664 3512 770 3567 Deinde
791 3514 819 3566 P
846 3515 958 3566 coctum
978 3512 1086 3570 Accur-

66 3584 178 3649 sicnua,
197 3582 302 3637 coitum
319 3581 443 3650 Vgoletus
496 3588 683 3638 8serrnonem
697 3584 734 3636 I·
787 3584 851 3639 oh¹
866 3584 894 3637 P
910 3583 976 3637 hinc
990 3585 1085 3641 Paris.
