2400 4282
266 744 300 793 eo
323 744 515 792 aanoruvu
539 775 614 810 ...,

323 815 386 892 Qui
409 815 544 880 rudibus
566 812 677 898 pueris

323 904 435 969 Prima
458 904 618 968 elementa
640 901 754 987 dabat,

323 992 482 1058 Doctrina
504 991 654 1076 exiguus,

323 1081 471 1147 Moribus
493 1079 679 1164 implacidis:

266 1187 300 1236 40
323 1169 478 1252 Proinde,
499 1173 537 1233 ut
559 1171 631 1233 erat
653 1168 818 1250 meritum,

322 1257 459 1322 Famam
482 1256 597 1321 habuit
618 1259 759 1321 tenuem.

366 1345 478 1430 Pange
501 1349 535 1410 et
557 1361 750 1411 mesanam

324 1434 464 1518 Flebile,
485 1430 593 1516 Musa,
616 1433 737 1497 melum

323 1523 368 1588 Et
390 1543 536 1587 memora
558 1526 689 1587 tenuem

266 1627 300 1676 45
325 1610 444 1688 Nenia,
467 1609 728 1695 grammaticum.

324 1699 520 1784 Burdigalae
543 1697 630 1763 hunc
653 1698 800 1781 genitum

323 1787 506 1853 Transtulit
529 1786 664 1851 ambitio

324 1877 573 1960 Pictonicaeque
596 1874 694 1939 dedit

325 1966 454 2049 Pauper
475 1964 522 2029 ibi
546 1967 579 2028 et
601 1967 732 2028 tenuem

268 2071 301 2119 50
324 2053 457 2118 Victum
480 2051 693 2136 habitumque
717 2051 826 2117 colens

326 2140 509 2208 Gloriolam
533 2141 649 2205 exilem

324 2229 370 2294 Et
392 2228 519 2313 patriae
543 2232 576 2293 et
599 2227 771 2293 cathedrae

67 2405 138 2460 Huic
157 2420 220 2459 maa
238 2402 377 2473 principio
512 2408 547 2457 20
601 2403 693 2457 Nauia
710 2403 926 2472 grammaticum

68 2475 181 2531 Credita
198 2475 333 2544 puerities
601 2472 752 2543 Burdigala
770 2474 845 2528 huuc
863 2475 991 2544 genitum

67 2548 117 2603 Nil
135 2546 197 2618 cpia
215 2546 280 2601 inde
298 2544 366 2600 tulit
601 2542 759 2599 Transtulit
777 2544 895 2600 ambitio
1048 2554 1081 2603 to

68 2619 119 2674 Set
136 2621 232 2674 tamen
250 2618 282 2672 ut
299 2616 437 2688 placitum
601 2614 711 2683 Pauper
728 2614 769 2668 ibi
787 2616 817 2669 ct
833 2617 949 2672 tenuem

69 2690 163 2758 Stirpe
182 2692 259 2743 eatur
278 2688 399 2742 driidum
601 2686 715 2740 Victum
734 2686 898 2754 abitumque
916 2687 1012 2744 colena

68 2759 176 2816 (lenitis
195 2758 365 2814 aremoricae
512 2761 547 2810 25
601 2756 755 2812 Gloriolam
773 2756 875 2812 exilem

67 2828 220 2899 Burdigala
239 2828 401 2883 cathedram
601 2827 638 2882 at
655 2827 765 2897 patriae
784 2829 813 2880 et
831 2829 983 2886 cathedrae

67 2898 330 2969 Natioperobtinuit
601 2897 643 2952 Ne
663 2897 770 2968 pariter
787 2898 912 2954 tumulae
1047 2907 1080 2956 tt

67 2970 236 3026 Parmaneat
249 2968 335 3023 eeriea
600 2969 710 3023 Nomen
730 2973 760 3024 et
778 2985 842 3024 oasa
859 2972 941 3041 tegat

66 3040 242 3110 Religionum
261 3039 364 3094 etenim
600 3056 739 3095 naeniae
760 3057 869 3095 acroma

68 3112 290 3169 commemorare
513 3115 547 3164 30
601 3129 674 3165 rimo
692 3115 785 3164 oma'i

70 3181 262 3239 Gramaticum
279 3180 371 3250 patrie
602 3188 683 3236 avani

140 3347 175 3396 24
193 3340 323 3396 druidum
341 3340 472 3412 Lupdua.
559 3345 594 3395 25
612 3341 705 3410 gentis
724 3340 855 3413 Luydam
943 3348 977 3397 27
997 3334 1103 3413 opera’

67 3412 198 3483 leodem
271 3418 305 3468 30
324 3428 403 3467 meae
422 3412 486 3468 add.
504 3411 635 3482 Luydun.
707 3415 780 3482 (poet
798 3430 826 3469 u.
845 3418 876 3468 1:
895 3418 1017 3468 metram
1035 3413 1082 3482 qai

68 3500 154 3554 cupra
175 3483 376 3554 pentemimere
395 3487 433 3550 et,
456 3484 528 3565 quod
541 3500 631 3553 puecre
648 3486 777 3552 mouit,
802 3484 829 3538 lt
850 3482 1008 3540 Iambicam
1026 3525 1055 3538 ..
1076 3484 1081 3554 Ι

141 3558 170 3609 et
189 3595 195 3607 .
211 3596 217 3608 .
233 3595 261 3608 ..
281 3557 346 3609 cata
369 3559 374 3624 Ι
398 3554 540 3621 lacteum,
557 3570 645 3623 cupra
663 3570 690 3609 a.
710 3558 762 3610 32:
787 3557 909 3610 metram
931 3554 982 3624 qui
999 3571 1083 3623 capra

67 3627 104 3681 ul.
123 3643 150 3680 m
174 3625 210 3694 V)
281 3625 369 3680 Herae
386 3626 510 3682 ordinem
527 3641 589 3681 cam
606 3624 764 3681 semro
782 3627 926 3682 conatui:
944 3643 992 3681 aa.
1013 3629 1082 3679 1-e

69 3702 171 3751 17-21
201 3700 308 3751 el-ee
336 3702 423 3751 9-16
451 3701 557 3751 22-33
587 3701 693 3751 87-40
718 3701 826 3751 44-64
853 3698 912 3767 (ted
939 3703 975 3751 44
993 3702 1084 3752 eanr-

64 3769 209 3838 pouendae
231 3773 295 3837 post
313 3770 358 3836 50)
386 3773 493 3822 41-43
517 3772 551 3821 55
566 3783 605 3835 aq.
639 3772 782 3837 practerea
809 3769 951 3823 Ammonia·
977 3783 1084 3831 mee,

67 3840 141 3910 quod
168 3839 302 3895 librum
322 3855 375 3908 per
397 3839 533 3894 iniuriam
555 3837 732 3907 incriptioni
754 3839 862 3907 intulit,
889 3839 951 3909 ipae
974 3854 1005 3896 eo
1027 3839 1084 3894 loca

68 3912 140 3966 inter
157 3926 185 3965 a.
202 3913 235 3965 31
250 3914 276 3966 et
291 3915 329 3967 32
348 3911 468 3966 camini
486 3909 659 3976 inferendam
676 3914 736 3964 erat
