2430 4274
480 541 522 550 -
569 524 647 571 Vllll
695 543 733 553 ·-·

95 665 154 730 tali
173 663 378 731 conlectione
396 663 597 730 instituenda
615 665 687 751 quis
705 687 773 733 non
790 668 932 751 primum
953 670 987 735 in
1006 671 1114 738 locum

96 753 322 820 ucesaiuisset
348 749 521 818 Mosellam
549 753 590 819 ab
621 756 772 821 omnibus
801 757 951 841 partibus
975 761 1114 828 maxime

96 840 383 909 adcommodatum
406 862 537 906 carmen
560 863 634 908 eum
658 844 691 908 in
715 865 823 927 usum,
848 846 918 911 siue
940 869 992 912 res
1015 849 1115 934 ipsas,

95 952 177 1016 quac
207 930 256 996 ibi
285 932 468 995 tractantur
497 931 667 1016 respicias,
704 934 774 998 siue
803 956 869 1017 qna
900 935 1033 1019 plenum
1063 942 1115 1002 est

95 1019 255 1104 pietatem
279 1037 358 1103 erga
380 1019 521 1104 patriam
545 1023 640 1104 atque
669 1019 831 1105 dominos3
859 1022 931 1106 quis
958 1044 1025 1089 non
1049 1025 1114 1090 elis

96 1107 305 1191 desideraret,
327 1129 411 1192 quae
432 1108 593 1173 neminem
620 1112 773 1193 poterent
795 1109 981 1176 offendere?
1021 1135 1113 1197 prae·

95 1196 211 1262 sertim
244 1217 318 1262 eum
347 1195 526 1262 inducendo
556 1197 667 1280 potius
698 1202 731 1262 et
759 1198 897 1264 delendo
928 1221 1026 1283 quam
1056 1202 1112 1266 eli·

95 1284 202 1371 gendo
222 1306 263 1349 ex
281 1285 512 1368 opusculorum
532 1306 668 1370 corpore
687 1286 770 1351 hanc
786 1287 1020 1354 conlectionem
1039 1310 1113 1355 con·

95 1373 200 1439 ditem
234 1373 363 1438 diceres.
408 1394 468 1439 nec
499 1373 606 1439 minus
636 1378 723 1440 recte
749 1378 820 1440 tum
851 1375 1065 1442 obscenorum
1096 1399 1113 1442 e

49 1485 54 1493 ·
94 1467 188 1530 textu
211 1461 405 1528 Ausoniano
432 1466 631 1528 resectorum
660 1463 870 1547 appendicem
900 1463 1023 1530 diceres
1047 1486 1112 1531 ser·

95 1557 209 1616 uatem
232 1551 268 1615 in
290 1550 420 1616 Tiliano
443 1552 692 1618 conlectionem:
715 1572 792 1617 nem
816 1574 850 1617 re
876 1574 954 1618 uera
977 1553 1006 1616 is
1029 1553 1112 1619 liber

96 1662 170 1706 cum
191 1639 327 1705 adecclis
342 1641 489 1705 continet
506 1640 663 1725 quidquid
682 1641 892 1705 lusciniarum
906 1663 965 1724 per
979 1641 1113 1725 longam

96 1733 239 1795 aetatem
271 1728 451 1794 conlectum
483 1728 571 1794 domi
603 1728 720 1793 hebuit
751 1749 848 1793 senex
876 1749 979 1812 neque
1012 1727 1114 1793 edidit

98 1822 174 1884 ante
189 1820 286 1902 quam
300 1821 405 1882 morte
420 1816 704 1902 adpropinquante
717 1816 843 1901 ingenii
851 1838 935 1881 uena
945 1822 1112 1881 aresceret.

97 1906 130 1971 id
153 1904 240 1990 quod
264 1904 343 1970 olim
365 1927 417 1970 me
440 1906 592 1990 perlexit,
615 1910 653 1971 ut
675 1904 885 1990 appendicem
909 1905 1112 1971 sublatorum

97 2017 135 2059 ex
158 1994 277 2060 scediis
302 1994 443 2060 auctoris
462 1994 601 2060 dicerem
619 1994 766 2060 familiae
785 1993 808 2057 Ζ
828 1993 921 2057 libris
944 1993 1112 2074 contineri,

97 2106 169 2149 eum
189 2083 337 2167 partibus
356 2083 567 2149 conlectionie
582 2084 624 2149 ab
639 2085 710 2166 ipso
727 2086 825 2167 poeta
844 2081 1008 2165 proiectae
1026 2081 1111 2146 male

96 2173 366 2257 conglutinatam.
417 2193 481 2256 qua
507 2173 540 2235 in
567 2193 602 2236 re
631 2193 828 2256 quamquam
856 2170 975 2255 erreui,
1002 2174 1112 2234 tamen

96 2261 231 2346 propius
255 2282 274 2326 a
298 2282 374 2325 uero
398 2282 538 2326 errorem
567 2282 675 2324 meum
697 2261 838 2343 'afuisse
866 2280 963 2343 quam
991 2259 1112 2343 specio·

97 2373 151 2416 sas
166 2351 306 2414 aliorum
321 2350 490 2433 opiniones
504 2350 561 2434 eis,
579 2369 661 2433 qnae
679 2370 777 2431 porro
793 2352 1003 2432 exponentur,
1017 2367 1111 2431 spero

121 2439 234 2504 atebit.

97 2463 118 2524 p
164 2526 251 2592 Nem
276 2548 350 2591 eum
374 2548 468 2611 quem
492 2525 557 2590 dixi
578 2523 723 2589 ordinem
741 2525 930 2589 incohatum
951 2525 985 2587 in
1008 2523 1114 2605 prima

99 2615 242 2682 editione
261 2616 338 2680 anni
357 2615 432 2699 383,
455 2615 546 2679 cuius
571 2614 664 2697 quasi
685 2613 859 2678 umbilicus
879 2616 950 2676 erat
968 2610 1114 2693 Mosella,

99 2704 211 2770 multis
236 2704 440 2789 egregiisque
465 2703 556 2767 libris
580 2705 711 2767 auctum
738 2706 771 2767 et
799 2701 1032 2785 amplificatum
1061 2700 1114 2764 de-

97 2791 328 2876 prehendimus
357 2793 391 2857 in
420 2792 534 2874 altera,
564 2812 662 2874 quam
691 2791 864 2875 septennio
888 2793 964 2874 poet
985 2788 1115 2853 uidetur

99 2881 248 2946 emisisse
266 2880 449 2947 Theodosio
472 2880 671 2964 inscriptam.
707 2884 783 2964 post
803 2879 866 2943 hoc
884 2883 1012 2962 tempus
1033 2897 1115 2960 quae

98 2973 324 3053 accesserunt,
355 2991 466 3035 eorum
499 2989 602 3053 pauca
636 2968 703 3032 suis
738 2969 819 3033 locis
852 2968 922 3052 ipse
952 2964 1116 3029 inserebat

100 3062 229 3140 auctor,
252 3058 355 3124 maior
385 3080 461 3142 pars
485 3057 629 3141 seposita
652 3057 721 3121 eine
745 3055 856 3121 ordine
879 3056 914 3119 in
937 3054 1001 3117 fine
1024 3052 1114 3116 uolu-

98 3148 197 3212 minis
238 3147 453 3230 expectabant
489 3167 622 3210 menum
660 3144 859 3228 disposituri.
914 3143 1000 3206 inter
1035 3141 1116 3203 haec

98 3237 201 3301 fuisse
229 3234 408 3315 Bissulam,
432 3233 623 3314 Centonem,
651 3233 808 3317 epistulas
836 3231 956 3295 multas
985 3231 1115 3292 exotio

100 3323 329 3410 Burdigalenei
352 3324 393 3389 ed
416 3324 580 3389 Thoonem
602 3321 742 3386 Paulum
765 3319 953 3385 Tetradium
977 3317 1116 3381 fortasse

101 3414 202 3479 etiam
229 3412 402 3478 Paulinum
431 3413 584 3497 scriptas,
607 3410 743 3495 denique
765 3409 1049 3493 Epigrammutum
1072 3405 1117 3469 el·

100 3507 207 3567 teram
218 3502 471 3586 amplioremque
484 3501 600 3566 seriem
613 3499 769 3583 suspicor.
787 3517 868 3582 quae
882 3496 928 3561 sie
938 3493 1118 3560 utinuenta

103 3596 194 3675 sunt,
217 3591 346 3676 integra
364 3591 566 3674 reliquerunt
583 3587 732 3669 heredes,
756 3586 812 3669 qui
831 3585 896 3648 alia
915 3603 1041 3667 quoque
1063 3581 1116 3644 ad·

101 3681 249 3745 iecerunt
263 3680 332 3744 siue
345 3702 403 3762 „ex
413 3677 600 3762 litureriis“,
613 3677 703 3741 uelut
712 3674 752 3739 ad
762 3674 863 3738 filium
874 3671 1047 3770 epistulam
1056 3666 1118 3732 XX

103 3767 213 3856 (391),
227 3769 296 3833 siue
312 3768 434 3833 dudum
449 3767 599 3833 absoluta
614 3786 695 3850 quae
710 3762 883 3829 memoriae
899 3764 1040 3828 auctoris
1055 3777 1116 3823 ser·

102 3857 370 3935 candescerent,
395 3862 432 3918 ut
453 3855 637 3921 &ranarum
662 3855 831 3927 actionem
857 3855 938 3928 anni
961 3851 1042 3926 utu.
