2430 4274
515 547 753 612 -378-

127 705 263 772 Achillis
291 704 433 791 iurgium
461 707 582 770 omissa
609 705 794 784 uideantur,
820 725 881 771 nec
907 703 1017 769 minus
1040 704 1144 770 multa

126 795 168 860 ab
191 793 340 859 Hectoris
369 793 481 859 funere
510 795 551 859 ad
574 816 675 879 usque
697 793 838 858 deletum
861 791 968 859 ilium.
1006 814 1143 877 quorum

127 882 256 968 quidem
274 882 417 946 maxima
435 883 616 967 expectatio
636 887 706 947 crat
724 886 858 967 propter
875 885 946 945 tam
964 880 1060 966 longi
1076 902 1142 947 car-

126 972 261 1038 taminis
298 973 622 1056 consummationem,
664 971 719 1036 scd
756 975 794 1034 ut
830 970 975 1034 diuinum
1013 973 1141 1054 poetam

125 1060 222 1145 nihil,
256 1059 341 1144 quod
372 1060 499 1124 illustre
531 1060 644 1142 fuerit,
676 1058 823 1124 omisisse
855 1061 1016 1143 appareat
1046 1061 1141 1143 atqua
1155 1072 1184 1122 2⁰

127 1150 250 1231 omnia,
278 1169 361 1233 quae
383 1149 467 1213 finiri
492 1148 653 1232 oportuit,
677 1146 863 1232 contigisse,
886 1146 1032 1212 breuiter
1054 1148 1141 1212 etin

127 1239 288 1321 epitomae
312 1237 451 1319 speciem
476 1237 552 1301 belli
571 1235 681 1300 Troici
705 1256 845 1319 causam,
868 1235 1023 1320 origines,
1045 1256 1142 1321 appa·

125 1330 217 1392 ratus
246 1344 390 1408 quaeque
414 1326 508 1389 annis
533 1324 755 1409 superioribus
778 1324 978 1407 acciderunt,
1004 1323 1141 1389 retexui·

128 1435 209 1477 mus.
245 1412 362 1477 horum
382 1413 526 1478 omnium
545 1414 651 1497 prima
671 1412 763 1497 origo
783 1417 833 1476 est
845 1412 973 1478 Paridis
988 1410 1140 1477 iudicium

126 1501 212 1566 inter
240 1499 330 1582 deas,
357 1501 469 1565 deinde
497 1502 610 1566 classis
639 1501 817 1581 contextio,
846 1522 910 1584 qua
937 1499 1024 1565 idern
1048 1499 1179 1566 Parisat

126 1591 160 1654 in
178 1588 345 1673 Europam
368 1590 550 1674 nauigauit,
573 1594 644 1655 tum
667 1590 773 1673 raptio
791 1587 946 1669 Helenae,
969 1609 1055 1672 quac
1073 1588 1139 1672 opi·

125 1677 222 1743 nione
248 1681 395 1743 ueterum
423 1678 579 1762 bipertita
607 1683 669 1759 est,
696 1677 781 1762 quod
809 1677 954 1761 plerique
978 1674 1140 1742 Helenam

126 1766 218 1830 iuxta
235 1765 444 1832 Homericum
461 1766 588 1850 plasma
607 1766 648 1829 ad
665 1765 796 1829 Troiam
816 1765 1024 1849 deportatam
1042 1764 1140 1830 fuisse

127 1855 405 1937 existimauerunt,
427 1854 576 1920 nonnulli
595 1858 704 1918 autem
724 1853 847 1936 opinati
867 1856 952 1936 sunt,
970 1875 1046 1918 curn
1065 1853 1141 1918 Ale·

126 1942 248 2007 rander
262 1965 358 2008 cursu
372 1943 553 2008 deerrasset
567 1942 759 2025 delatusque
769 1941 809 2005 ad
819 1942 1008 2025 Aegyptum
1018 1942 1141 2024 fuisset,
1155 1953 1179 2002 a

126 2031 259 2113 cognita
272 2031 445 2113 hospitalis
460 2030 598 2096 foederis
613 2031 733 2095 iniuria
746 2052 803 2113 per
812 2029 1012 2113 Aegyptium
1024 2051 1140 2116 regem,

127 2119 406 2183 seruantissimum
425 2120 504 2184 iusti
522 2119 639 2202 uirum,
657 2118 815 2183 Helenam
833 2139 907 2182 cum
921 2119 960 2200 is,
980 2140 1065 2203 quae
1079 2140 1139 2183 una

127 2229 200 2271 cum
214 2206 325 2271 eadem
338 2207 466 2271 fuerant
476 2208 612 2290 abrepta
621 2206 792 2290 Paridique
804 2205 943 2290 sublata,
953 2211 1139 2293 expugnato

126 2295 255 2360 demum
277 2295 340 2361 Ilio
364 2294 511 2362 Menelao
534 2296 728 2361 restitutam.

624 2469 644 2525 L

284 2577 381 2643 Μῆνιν
400 2571 492 2663 arcs,
510 2572 581 2641 deci,
602 2575 772 2645 Πηληιάδεω
789 2569 911 2663 {ildrico

286 2643 452 2716 Ου’λομένην
470 2666 488 2714 η
508 2643 585 2716 μυρί’
603 2641 720 2716 Ἀχαιοῐς
739 2641 806 2714 citra
840 2643 948 2715 ἔθηκεν

230 2717 320 2783 Iram,
339 2717 419 2784 diua,
437 2718 511 2772 refer
528 2717 589 2771 nati
606 2716 707 2772 Peleos
726 2717 849 2771 Achillei

231 2786 410 2856 Pestiferam,
430 2805 501 2856 quae
520 2787 599 2843 mille
617 2788 696 2843 dedit
714 2787 877 2843 discrimina
894 2787 1024 2843 Achiuis.

191 2894 330 2980 Chryses
354 2896 517 2982 Apollinis
545 2897 695 2963 sacerdos
724 2898 766 2963 ob
789 2896 1011 2962 redimendam
1039 2897 1169 2962 filiamt

125 3004 196 3048 cum
219 2983 458 3069 Agamemnoni
482 2986 707 3071 supplicasset,
731 2985 966 3050 contumeliose
989 2987 1137 3072 repulsus

196 3127 229 3176 29
245 3140 303 3191 sqq.
323 3121 456 3178 Herodot.
475 3124 502 3178 ll
522 3130 572 3180 118
587 3141 629 3193 sq.

126 3216 339 3225 m——n—

197 3254 230 3302 16
249 3247 378 3303 uideatur
398 3247 426 3301 P
497 3255 531 3303 1⁷
550 3249 648 3303 hector
666 3247 695 3301 P
764 3253 797 3302 19
820 3246 1064 3302 consumationem
1081 3246 1109 3300 P

125 3326 159 3374 20
177 3318 264 3374 nichil
284 3319 337 3389 ΡΙ
366 3318 467 3374 dmissc
489 3319 517 3373 P
587 3325 621 3374 22
640 3318 784 3388 cpith0me
803 3318 831 3372 P
853 3321 857 3386 Ι
885 3316 1002 3387 originis
1022 3318 1052 3372 P
1071 3333 1137 3373 corr.

125 3390 238 3445 Schenkl
254 3393 258 3458 1
275 3407 311 3460 ap
332 3390 420 3445 critas
437 3390 465 3443 P
527 3396 561 3444 23
580 3406 635 3458 que
654 3406 726 3458 quae
741 3389 769 3443 P
784 3405 839 3458 que
857 3405 988 3458 quaeque
1003 3387 1135 3451 sacret!

123 3461 274 3514 reteximus
392 3467 426 3516 28
445 3460 521 3515 insta
538 3460 566 3514 P
635 3466 668 3515 31
689 3459 793 3515 federis
812 3459 863 3530 ΡΙ
887 3476 938 3529 per
956 3475 1008 3514 osa
1031 3459 1060 3514 P
1075 3458 1136 3514 aaa

123 3530 268 3585 Artemius
340 3538 373 3586 32
397 3533 433 3602 is]
454 3532 483 3585 P
552 3537 586 3586 33
615 3534 763 3601 arreptaq3
791 3529 916 3600 paridiq3
940 3529 969 3583 P
994 3531 1137 3600 abreptam

123 3601 268 3656 Acontius
296 3603 459 3671 (ereptam),
490 3603 598 3668 Paris.;
619 3605 704 3671 priua
730 3618 785 3671 que
812 3602 970 3668 Arruntius,

121 3672 247 3759 (arrepta
264 3670 369 3740 Paridi)
389 3674 541 3728 Accusatus
558 3674 609 3728 del.
631 3673 634 3743 l
657 3673 798 3727 sublatam
817 3673 969 3727 Acamas.

193 3760 207 3814 Ι
230 3761 423 3829 periocharum
450 3762 527 3816 tituli
553 3765 580 3816 et
607 3761 715 3833 numeri
736 3776 787 3816 om.
809 3761 836 3815 P
907 3767 922 3815 1
946 3775 1072 3816 amasses
1088 3758 1142 3884 Plp

122 3835 252 3887 ursino<
269 3830 297 3884 P
366 3836 382 3885 2
403 3848 605 3888 exaestuans.
617 3831 854 3903 araraxmorcalace
873 3831 903 3887 P
971 3828 1101 3903 apellem

158 3901 298 3957 ochrises
316 3901 458 3974 appolinis
480 3902 508 3956 P
579 3901 782 3972 tagamenoni
801 3903 829 3957 P
