2430 4274
487 566 727 632 -253-

96 726 193 792 ldilia
215 725 266 791 bis
288 729 455 812 nongenta
477 725 569 791 iubet
590 724 756 790 demensio
779 727 888 812 legum
916 740 921 747 ’

141 814 366 880 Aduumerata
387 836 461 880 reos
484 836 542 898 per
565 817 616 878 tot
639 813 732 878 obire
754 813 831 880 dies.

95 903 168 968 Iam
191 903 285 988 potui
308 903 447 969 Romam
469 903 567 987 pedes
590 903 637 966 ire
659 901 822 987 pedesque
844 904 978 987 reuerti,

140 990 193 1057 Ex
216 1013 280 1077 quo
303 995 336 1056 te
360 991 519 1056 dirimunt
542 991 633 1056 milia
655 1011 759 1074 pauca
782 991 874 1058 mihi.

97 1077 229 1165 Scirpea
252 1080 447 1145 Dumnitoni
469 1079 556 1145 tanti
580 1082 631 1144 est
653 1079 815 1144 habitatio
838 1080 929 1145 uati?
1078 1098 1112 1146 ιι»

141 1168 313 1234 Pauliacos
337 1168 424 1234 tanti
446 1190 513 1234 non
536 1166 616 1232 mihi
639 1166 720 1232 uilla
743 1167 837 1233 foret.

49 1299 51 1308 ι
96 1257 150 1322 An
174 1257 252 1341 quia
274 1279 332 1340 per
355 1257 500 1322 tabulam
524 1255 610 1321 dioto
633 1260 797 1342 pangente
818 1261 967 1322 notatam

142 1344 264 1410 Debita
287 1367 414 1410 summa
436 1345 517 1409 mihi
542 1350 605 1426 est,
627 1366 668 1409 ue
691 1350 889 1431 repetamus,
914 1346 1014 1411 abes?

97 1434 155 1500 Bis
180 1438 304 1520 septem
327 1435 444 1499 rutilos
466 1433 577 1518 regale
598 1433 762 1499 nomisma
785 1433 967 1519 Philippos,

140 1521 210 1588 Nec
234 1523 319 1587 tanti
341 1523 476 1606 fuerint,
498 1522 631 1606 perdere
655 1522 754 1606 malo,
778 1521 905 1606 Theou,

95 1610 297 1694 Implicitum
320 1633 419 1695 quam
441 1616 475 1676 te
498 1611 620 1676 nostris
643 1610 769 1675 interne
792 1610 942 1676 medullis

140 1699 262 1765 Defore
284 1703 353 1764 tam
375 1700 466 1784 longi
489 1699 646 1783 temporis
669 1698 705 1762 in
728 1699 845 1781 spatio.

94 1787 187 1872 Ergo
210 1791 268 1852 aut
290 1788 474 1873 praedictos
497 1789 562 1852 iam
585 1809 670 1852 nunc
693 1787 833 1852 rescribe
856 1786 974 1853 Darios

141 1875 186 1940 Et
208 1876 344 1960 redime,
367 1881 405 1941 ut
427 1898 520 1941 mora
542 1876 585 1940 sit
607 1875 711 1941 libera
734 1875 889 1957 desidiae,

96 1965 271 2029 Antelios
295 1987 315 2028 a
337 1986 388 2029 me
411 1965 548 2030 totidem
572 1964 671 2047 dabo,
694 1963 770 2028 dum
794 1965 890 2029 modo
914 1966 979 2029 cari

143 2051 321 2139 Conspioer
343 2075 402 2117 ora
425 2052 502 2136 uiri,
524 2054 675 2136 pauperis
700 2075 800 2137 usque
822 2053 909 2118 licet.

97 2140 212 2226 Puppe
236 2142 320 2206 citus
342 2163 482 2227 propera
505 2142 701 2225 sinuosaque
724 2141 825 2205 lintea
848 2142 913 2207 usli

142 2229 266 2294 Pande:
290 2229 461 2294 Medullini
483 2234 517 2294 te
539 2230 623 2294 feret
645 2252 703 2294 ora
724 2232 795 2295 noti

98 2317 295 2401 Expositum
319 2318 432 2383 subter
454 2318 593 2401 paradas
617 2319 764 2401 lectoque
788 2319 960 2398 iacentem,

143 2406 296 2491 Corporis
322 2411 359 2471 ut
381 2407 466 2471 tenti
488 2428 554 2471 non
577 2410 748 2470 moueatur
771 2428 862 2472 onus.

95 2493 191 2559 Vnus
214 2494 407 2560 Dumnitoni
430 2499 462 2559 te
486 2496 582 2560 litore
605 2493 746 2577 perferet
768 2498 877 2558 aestus

143 2581 321 2649 Condatem
346 2585 387 2649 ad
411 2588 556 2668 portum,
580 2584 607 2646 si
631 2582 727 2647 modo
748 2582 951 2667 deproperes.

96 2672 202 2763 Inque
225 2673 328 2736 uicem
352 2673 430 2756 ueli,
454 2673 603 2756 quotiens
626 2675 684 2736 tua
705 2669 839 2735 flamina
861 2674 1003 2752 cessant,

169 2847 235 2900 XVI
254 2851 286 2898 11
307 2845 340 2900 of.
360 2845 509 2900 Iustiniani
528 2845 639 2916 digesta
657 2844 682 2898 11
701 2865 738 2912 ιι,
759 2851 782 2898 1.

171 2924 203 2971 19
221 2915 319 2972 Horat.
339 2915 391 2986 Ep.
410 2916 436 2970 II
457 2923 480 2986 1,
500 2921 553 2970 234

169 3065 202 3113 11
221 3059 379 3128 nonaginta
403 3058 514 3113 Veorr.
533 3058 663 3113 Pithoeus
727 3063 760 3112 12
779 3057 857 3112 ouire
879 3057 905 3111 V
958 3064 989 3112 13
1009 3057 1114 3114 roberti

101 3130 139 3184 1⁷¹
213 3134 247 3183 14
265 3129 331 3184 mici
352 3129 379 3182 V
449 3133 482 3183 15
512 3128 690 3184 domnotonis
712 3127 739 3180 V
758 3131 785 3196 (o
804 3130 851 3183 alt.
871 3131 903 3183 in
921 3129 952 3183 i?
977 3128 1015 3198 7)
1042 3145 1112 3183 coer.

96 3217 223 3286 Scaliger
244 3220 248 3283 Ι
269 3217 323 3272 tasi
345 3216 395 3283 71
420 3216 540 3272 abitatio
562 3215 625 3272 bati
652 3215 686 3268 V¹
775 3222 808 3270 16
831 3216 977 3272 Pauliacos
1000 3216 1069 3272 stiti
1090 3215 1118 3269 V

97 3284 264 3351 Παυλιακὸς
282 3289 357 3343 tanti
375 3287 507 3359 Mydon.
526 3288 676 3343 Pauliacos
696 3286 817 3357 Scaliger
833 3291 837 3354 1
860 3286 926 3342 miei
944 3287 1016 3342 billa
1036 3287 1064 3341 V

98 3364 134 3415 1'1
157 3359 255 3414 tabula
277 3358 388 3414 medica
412 3376 509 3428 pugna
530 3359 558 3413 V
584 3357 692 3427 (tabula
715 3357 765 3427 V’)
783 3374 852 3413 corr,
874 3357 974 3428 Peiper
1002 3360 1031 3428 (i.
1047 3376 1113 3430 pro·

96 3431 181 3485 meso
198 3431 334 3497 firmante)
359 3431 449 3499 digito
468 3432 617 3496 Heinsius,
640 3431 784 3499 pugnante
803 3429 949 3500 Legem,
972 3431 1114 3499 pangente

96 3501 314 3556 emmechonis
388 3506 421 3555 18
440 3519 520 3556 suma
541 3499 577 3555 V¹
599 3504 604 3568 Ι
624 3502 690 3555 miei
714 3500 759 3566 71
780 3499 865 3555 1²abes
888 3499 925 3554 V‘
997 3506 1031 3555 20
1050 3501 1114 3573 neo]

95 3588 134 3627 ne
155 3572 307 3640 Pithoeus}
329 3573 397 3626 teon
419 3571 446 3625 V
496 3578 531 3627 23
549 3573 605 3626 aud
627 3571 685 3640 V¹l
705 3571 791 3626 tarios
816 3571 843 3623 V
858 3588 927 3627 corr.
948 3572 1079 3627 Pithoeus

95 3647 133 3697 25
156 3643 207 3697 aut
230 3643 298 3698 abos
321 3660 339 3697 a
356 3659 402 3697 me
421 3643 552 3698 totidiem
575 3642 602 3698 V
621 3659 690 3698 corr.
710 3643 839 3698 Rtboeus
910 3648 944 3697 26
963 3643 1019 3698 biri
1042 3643 1078 3697 V¹

95 3755 131 3803 2⁷
153 3747 213 3804 beli
237 3749 273 3802 71
345 3755 380 3805 30
398 3750 547 3806 mobeatur
569 3749 606 3805 V¹
679 3755 712 3804 31
735 3740 908 3805 addnnotoni
928 3738 955 3819 (d
974 3766 1007 3805 ea
1026 3767 1043 3805 o
1061 3751 1113 3813 ale

94 3857 135 3911 oi.
152 3857 186 3910 in
203 3872 290 3928 mory.
309 3855 356 3910 hie
375 3874 405 3911 .s.
425 3833 530 3924 lidseit)
555 3856 600 3925 71
619 3854 717 3910 littore
742 3855 786 3924 71
807 3855 901 3931 pferd
925 3856 952 3909 V
1003 3854 1113 3910 seneli

95 3925 236 3982 Heinsius
260 3929 337 3981 uenti
361 3926 387 3980 V
