2430 4274
514 444 807 578 -46-ι

66 691 124 742 [ree]
296 668 394 724 XXVI.
422 667 524 724 IVLIA
541 666 804 725 CATAPHRONIA
821 665 948 725 AMITA.

118 780 205 858 Quin
228 783 261 845 et
283 779 426 844 funereis
450 779 584 844 amitam
607 777 765 862 inpertire
788 777 956 862 querellis,

163 869 270 954 Musa,
294 866 560 952 Gataphroniam.

117 957 246 1023 Innuba
268 958 405 1023 deuotee
428 979 510 1042 quae
533 955 735 1040 uirginitatis
758 975 901 1019 amorem
1018 955 1019 959 ’

163 1046 330 1132 Parcaque
354 1068 435 1111 anus
458 1045 572 1111 coluit:

117 1135 163 1202 Et
185 1136 280 1220 mihi,
303 1135 389 1219 quod
412 1136 533 1218 potuit,
557 1133 707 1217 quamuis
730 1132 769 1196 de
789 1153 931 1217 paupere
951 1152 1095 1217 summa,
1118 1151 1134 1198 c

163 1224 268 1290 Mater
290 1225 353 1308 uti,
375 1223 542 1288 adtribuit.

119 1314 147 1378 Ε
188 1335 208 1378 o
232 1316 486 1378 commemorata
507 1311 592 1376 haue
615 1314 839 1394 macetumque
862 1312 981 1374 uocata

191 1424 227 1467 ro
251 1401 414 1487 genetrice
437 1400 519 1465 ualc.
576 1416 580 1425 ·

68 1595 125 1647 [rae]
340 1574 454 1629 XXVII.
482 1573 583 1629 IVLIA
603 1572 766 1628 VENERIA
785 1573 910 1628 AIIII'A

118 1685 164 1751 Et
186 1687 288 1750 amita
310 1684 451 1750 Veneria
473 1684 655 1769 properiter
677 1683 773 1749 obiit:

120 1772 181 1840 Oui
204 1774 318 1841 breuia
342 1775 445 1840 melca
468 1773 619 1839 modifica
640 1772 762 1837 recino:

119 1862 209 1929 (linis
231 1869 269 1928 ut
291 1863 472 1947 placidulus
497 1862 538 1927 ab
563 1883 658 1945 opere
681 1862 805 1946 uigeat,

119 1951 283 2038 Celeripea
308 1952 404 2018 adeat
426 1952 499 2016 loca
521 1952 622 2016 tacita
643 1949 753 2014 Erebi.

67 2162 122 2217 {rer}
295 2142 419 2198 XXVIII.
447 2139 549 2195 IVLIA
565 2139 692 2195 IDALIA
710 2139 954 2196 CONSOBRINA.

118 2253 226 2318 Perua
249 2253 346 2317 etiam
371 2252 435 2315 fuit
456 2251 575 2334 idalia,

118 2340 259 2409 Nomine
282 2340 430 2425 praedite
455 2362 538 2424 quae
561 2338 704 2424 Paphiae

117 2433 164 2497 Et
186 2431 327 2515 speciem
353 2431 470 2495 meruit
493 2429 640 2493 Veneris.

119 2521 208 2598 Quae
232 2521 344 2607 genita
367 2523 417 2584 eet
440 2518 521 2583 mihi
543 2539 646 2601 paene
669 2538 775 2582 soror:

117 2611 204 2676 Filia
225 2632 302 2675 narn
325 2609 390 2673 fuit
411 2608 492 2672 haec
515 2607 644 2672 amitae.

118 2696 223 2773 Quam
247 2698 391 2762 celebret
413 2697 473 2760 sub
497 2695 620 2760 honore
642 2696 697 2779 pio

117 2785 226 2851 Nenia
249 2785 393 2849 carmine
417 2783 559 2848 funereo.

65 2978 124 3030 [188]
296 2953 435 3009 XXVIIII.
465 2954 618 3008 AEMILIA
636 2956 803 3012 MELANIA
822 2955 948 3023 sobole

117 3065 258 3132 Aemilia
281 3067 327 3148 et,
350 3065 405 3128 uix
426 3068 507 3129 nota
529 3064 610 3129 mihi
633 3089 739 3152 soror,
762 3067 871 3151 accipe
894 3070 1043 3150 questus,

162 3153 290 3218 Debent
314 3175 394 3237 quos
418 3153 517 3218 cineri
541 3159 666 3219 maesta
689 3156 802 3241 elegea
824 3159 890 3220 tuo.

187 3327 278 3382 XXVI
306 3346 472 3383 cnrnrncnrn
499 3327 527 3383 V
595 3333 611 3382 2
637 3329 820 3386 catafroniam
847 3329 874 3385 V
944 3333 961 3383 b
983 3328 1050 3384 mici
1073 3328 1101 3382 V
1125 3328 1129 3400 Ι

117 3398 242 3470 quamui¹
265 3399 292 3453 V
363 3406 379 3454 7
397 3398 450 3454 abe
475 3398 502 3454 V
517 3415 570 3454 aue
587 3400 718 3470 Impdun.
737 3402 810 3456 haue
830 3400 936 3456 Baetae

187 3486 317 3542 XXVlll
337 3488 451 3544 benetia
464 3489 492 3542 V
524 3488 805 3545 emeleeLMuezzer
823 3489 898 3544 mela
911 3487 939 3543 V
972 3487 1129 3557 Sabopere

118 3560 243 3629 Pcc'pero
269 3560 301 3614 ta
314 3559 342 3612 V
378 3560 541 3629 Aceleripee
551 3563 581 3615 at
590 3561 675 3615 adeat
687 3562 751 3617 loca
759 3561 848 3616 tacita
856 3559 933 3615 erebi
945 3559 1032 3629 (ereui
1044 3559 1092 3622 V¹)
1105 3557 1133 3613 V

117 3633 147 3687 et
163 3632 214 3686 del.
254 3633 341 3699 caper,
364 3631 428 3685 loca
449 3631 538 3685 tacita
561 3631 697 3701 celeripes
718 3632 804 3687 adeat
822 3631 905 3686 Erebi
924 3632 1130 3700 Scaliper1,8

186 3718 304 3774 XXVIII
322 3737 487 3774 conarnnrnn
508 3719 535 3774 V
604 3721 706 3776 Amici
724 3719 752 3775 V
819 3721 949 3791 3epecie
967 3720 1097 3776 Braadoe

185 3807 319 3862 XXVIIII
336 3827 428 3863 annu
447 3808 475 3862 V
536 3814 550 3861 1
570 3807 676 3865 Emilic
693 3808 750 3865 mix
769 3809 797 3865 V
817 3811 846 3865 et
864 3809 912 3864 uix
925 3810 1026 3865 Hartcl
1049 3807 1132 3864 ouix

97 3879 207 3948 Perper
279 3886 297 3937 2
315 3881 437 3957 elegaea
461 3879 496 3938 V¹
