2430 4274
483 541 725 606 ..401-

95 702 237 766 enarrat.
280 697 393 763 Vlixes
421 699 461 763 ad
485 698 639 783 oppidum
662 698 808 765 Eumaeo
836 701 1018 786 opitulante
1041 723 1115 786 per·

96 789 233 854 ducitur.
271 787 415 869 domum,
439 788 473 851 in
493 808 558 870 qua
580 789 671 870 proci
693 789 924 874 epulabantur,
946 790 1149 875 ingressust

96 875 281 943 emendicat
304 876 393 940 cibos
417 874 645 941 miserabiliter
669 876 848 942 ambiendo.
884 878 960 943 inde
983 878 1025 944 ab
1046 878 1114 943 An·

94 968 189 1031 tinoo
222 964 377 1033 iniuriose
406 964 557 1028 aflicitur.
603 965 655 1029 cui
685 965 847 1049 Penelopa
879 965 967 1031 diras
996 968 1037 1031 ob
1065 968 1114 1031 in-

95 1055 275 1119 humanum
298 1053 423 1117 facinus
447 1054 653 1135 imprecatur.
691 1076 793 1139 aqua
811 1054 929 1119 missus
949 1054 1113 1120 Eumaeus

95 1146 162 1226 est,
189 1145 227 1206 ut
253 1141 385 1224 hospes,
418 1141 465 1205 sic
492 1141 579 1205 enim
607 1142 803 1221 ecferebat,
832 1143 1018 1208 adcubitum
1041 1165 1115 1228 pro-

94 1232 278 1296 uoceretur.
315 1250 353 1294 ac
371 1234 441 1294 tum
461 1228 590 1314 quidem
608 1229 767 1295 inuitatus
787 1231 926 1314 gratiam
945 1231 1033 1314 facit,
1056 1231 1168 1320 sedjro

93 1324 270 1384 uenturum
294 1339 363 1383 sese
387 1317 427 1383 ad
450 1339 619 1403 uesperam
642 1319 823 1403 pollicetur.

555 1580 654 1635 XVIII.

237 1679 323 1744 'litua
342 1683 371 1742 δ’
392 1683 439 1742 ἐπὶ
458 1682 568 1755 πτωχὸς
586 1684 760 1756 πανδήμιος,
779 1679 811 1749 ὃς
828 1686 902 1741 κατὰ
921 1683 992 1743 ἄστυ

240 1760 302 1814 Irus
321 1758 402 1813 adest
419 1757 531 1829 populis
549 1774 602 1828 per
619 1756 816 1813 mendicabula
834 1762 924 1815 nctus.

165 1902 371 1969 Mendicante
390 1903 477 1967 intra
494 1903 580 1966 lares
599 1902 749 1986 proprios
763 1901 868 1983 Vlixe,
888 1902 971 1967 alius
986 1923 1114 1987 quoque

95 1992 170 2078 pari
198 1995 231 2056 et
259 1994 404 2076 egestate
432 1991 504 2056 Irus
533 1991 681 2074 accessit,
711 1991 877 2076 popularis
901 1990 1113 2073 Ithaeensius,

96 2081 201 2165 stipes
225 2081 258 2145 in
281 2080 390 2144 triuiis
415 2080 531 2144 solitus
555 2100 680 2164 rogare.
718 2080 858 2164 iurgium
882 2101 960 2165 ergo
983 2079 1149 2167 inopiaet

96 2169 279 2235 communis
300 2168 517 2233 aemulatione
537 2168 728 2245 conseritur,
749 2167 835 2252 quod
855 2190 893 2232 ex
912 2168 1021 2233 uerbis
1041 2190 1111 2251 pro·

98 2258 196 2322 cessit
215 2256 254 2321 ad
270 2278 394 2334 manus,
409 2256 615 2321 hortantibus
631 2257 746 2340 procis,
761 2278 823 2339 quo
837 2257 944 2340 magis
959 2258 1029 2320 rixa
1043 2278 1112 2321 cru·

98 2346 255 2426 desseret,
275 2345 504 2429 propositoque
522 2344 668 2429 praemio
689 2345 813 2428 caprini
832 2345 953 2409 uentris
973 2348 1112 2409 omento.

97 2433 213 2499 Victor
245 2435 346 2519 igitur
373 2432 487 2498 Vlixes
519 2434 709 2497 seminecem
736 2431 825 2496 Irum
857 2438 949 2497 extra
981 2432 1112 2496 ianuam

96 2523 233 2608 proicit,
264 2522 401 2587 ridicula
433 2521 660 2586 adhortatione
692 2520 902 2603 compellans.
949 2519 1112 2604 Penelopa
1132 2537 1166 2586 10

97 2612 198 2675 etiam
223 2632 356 2675 munera
380 2610 442 2675 sibi
466 2632 486 2673 a
507 2610 615 2694 procis
640 2630 698 2692 pro
722 2609 838 2693 opibus
862 2609 1015 2692 cuiusque
1038 2630 1112 2673 con·

96 2699 191 2779 ferri,
211 2699 413 2783 singulorum
434 2699 541 2764 studia
560 2698 743 2781 experiens,
761 2696 919 2780 deposcit:
943 2718 1025 2781 quae
1045 2719 1113 2761 ma·

95 2794 170 2853 ture
192 2791 306 2872 utpote
331 2809 351 2851 a
374 2787 577 2871 cupientibus
602 2787 788 2851 offeruntur.

168 3020 186 3068 4
204 3029 303 3069 cumea
322 3014 500 3084 oppitulante
515 3012 543 3066 P
594 3019 610 3067 6
631 3011 721 3085 cibos]
740 3013 808 3068 ibes
823 3012 867 3084 ΡΙ
884 3010 1047 3067 ambiendos
1063 3011 1112 3136 Pp

96 3084 197 3140 antino
216 3085 244 3139 P
305 3091 320 3140 7
340 3085 388 3157 ob]
408 3085 444 3138 ab
465 3085 493 3138 P
563 3089 579 3138 9
598 3083 762 3138 adeubitum
782 3084 882 3154 Peiper
900 3087 930 3138 at
948 3099 1011 3137 cum
1031 3083 1059 3136 P
1075 3099 1092 3136 a

96 3157 133 3210 cri
151 3154 279 3224 quletus
297 3156 334 3211 ad
353 3171 416 3209 eam
429 3155 588 3210 Grcnonius
610 3154 647 3209 ad
666 3171 789 3209 mensam
800 3156 891 3209 Barth
947 3161 979 3208 10
997 3169 1112 3208 uocare·

95 3231 143 3282 tur
159 3224 341 3296 Gronovius!
364 3243 397 3280 ac
417 3226 515 3295 Perper
534 3225 579 3280 cui
598 3226 651 3292 (nel
670 3225 759 3294 cuiue)
778 3226 912 3280 Heinsius
937 3224 986 3293 qni
1001 3224 1112 3291 Barth,

95 3298 121 3352 is
139 3297 269 3365 Schenkl,
287 3313 338 3353 cn.
360 3297 387 3350 P
411 3297 414 3367 Ι
441 3295 545 3350 inuitus
565 3296 699 3351 Heinsius

168 3402 261 3458 XVIll
282 3411 294 3457 1
306 3394 392 3475 ἦλθε]
406 3419 470 3458 naec
479 3403 522 3472 Pl
538 3401 832 3472 nannninolooxanaP
869 3400 993 3471 tpopnli
1003 3400 1031 3454 P
1041 3417 1110 3456 corr.

97 3474 200 3544 Peiper
217 3473 323 3545 populo
343 3475 478 3529 Heinsius
550 3471 743 3527 amendicate
765 3472 792 3525 P
849 3473 947 3542 spari
966 3477 994 3526 et
1013 3472 1112 3541 Peiper

94 3545 173 3616 parib
190 3544 221 3598 P
271 3545 410 3614 bstipem
429 3546 564 3600 Heinsius
618 3543 779 3597 tcomunis
796 3543 824 3596 P
876 3544 1068 3599 'tentantibus
1085 3542 1113 3595 P

132 3615 304 3740 Busiris?
375 3623 407 3671 10
426 3616 602 3671 adortatione
623 3614 676 3682 ΡΙ
705 3614 847 3684 penelopa
867 3614 895 3669 P
966 3620 997 3668 11
1021 3613 1112 3668 enine·

94 3703 151 3757 que
165 3689 176 3757 Ι
189 3704 244 3756 que
763 3700 768 3706 ·
