2430 4274
549 525 787 590 -372-

159 701 199 751 sn
223 700 322 767 nram,
346 700 417 762 ovo
440 700 539 748 rums
563 700 646 748 sorr
669 698 841 764 suessam
872 683 928 748 sed
952 683 1080 750 celebra
1103 684 1175 769 fuit,

158 773 237 857 quia
260 771 454 856 Vespasiani
478 792 645 836 successor
667 771 806 855 dixerat,
835 772 926 837 cuius
949 771 1052 838 nimia
1074 774 1175 859 parsi·
1204 800 1207 826 =

159 861 268 926 monia
295 864 328 924 et
357 860 530 925 austeritas
562 859 618 924 uix
650 861 784 925 terenda
815 861 932 925 miram
964 860 1090 927 fecerat
1115 863 1177 928 lilii

58 968 145 1007 mn
158 950 336 1015 lenitatem.
372 953 409 1012 tu
425 948 657 1014 Valentiniano
676 949 819 1034 genitus,
838 949 929 1014 cuius
950 949 1017 1015 alta
1035 951 1177 1034 bonitas,

157 1058 311 1124 praesens
340 1038 492 1120 comitas,
520 1041 703 1120 temperata
731 1038 890 1102 seueritas
918 1037 995 1116 fuit,
1024 1043 1121 1122 parto
1144 1046 1177 1105 et

158 1125 289 1192 condito
319 1127 443 1209 optimo
472 1126 669 1208 reipublicae
696 1129 800 1209 statu,
829 1125 994 1212 intellegis
1022 1149 1122 1211 possa
1144 1132 1175 1193 te

158 1237 227 1280 esse
246 1214 452 1278 lenissimum
471 1213 542 1278 sine
562 1213 730 1298 dispendio
751 1214 949 1299 disciplinae.
975 1236 1081 1301 nsque
1098 1238 1173 1281 uero
1200 1239 1215 1266 ε’

157 1325 256 1369 unum
281 1301 412 1386 aliquod
437 1302 557 1366 bonum
582 1324 646 1367 uno
666 1303 716 1367 die
740 1307 900 1386 praestas:
925 1303 980 1367 sed
1005 1303 1175 1390 indulgen·

157 1394 221 1455 tias
246 1391 428 1475 singulares
457 1411 515 1473 per
542 1391 674 1475 singula
696 1391 851 1467 horarum
875 1396 1043 1456 momenta
1067 1393 1173 1457 multi-

105 1480 268 1563 replicas.
314 1478 366 1542 uel
389 1478 470 1542 illud
494 1500 595 1543 unum
619 1479 822 1544 cuiusmodi
846 1483 896 1543 est
919 1479 957 1543 de
982 1480 1173 1545 condonatis

158 1566 296 1632 residuis
320 1566 542 1631 tributorum?
566 1568 651 1652 quod
670 1571 706 1631 tu
726 1589 823 1651 quam
842 1569 1008 1632 cumulata
1026 1568 1173 1634 bonitate

159 1655 277 1721 fecisti!
301 1655 373 1739 quis
392 1677 547 1739 umquam
569 1656 805 1739 imperatorum
827 1656 889 1721 hoo
907 1657 1087 1739 prouinciis
1106 1659 1171 1722 suis
1183 1674 1213 1713 ⁴³⁰

159 1748 216 1809 aut
239 1745 387 1809 uberiore
410 1743 612 1827 indulgentia
636 1743 737 1825 dedit,
761 1749 817 1809 aut
840 1745 977 1809 certiore
1001 1746 1173 1810 securitate

159 1833 338 1917 prospexit,
367 1836 425 1896 aut
447 1831 618 1916 prudentia
641 1833 838 1897 consultiore
862 1830 1024 1897 muniuit?
1054 1832 1174 1898 fecerat

159 1925 191 1987 et
214 1921 374 1986 Traianus
403 1921 493 2004 olim,
523 1921 577 1985 sed
606 1921 754 2004 partibus
782 1921 917 1986 retentis
941 1943 1007 1986 non
1030 1921 1173 1986 habebat

158 2012 285 2074 tantam
313 2009 561 2072 oblectationem
591 2008 736 2074 concessi
765 2009 866 2073 debiti
894 2010 1017 2093 portio,
1053 2016 1172 2094 quanta

159 2098 292 2162 suberat
306 2095 488 2161 amaritudo
503 2097 632 2161 seruati.
663 2101 695 2161 et
709 2098 894 2162 Antoninus
913 2096 1104 2182 indulserat,
1119 2098 1170 2163 sed
1180 2111 1206 2153 49

158 2185 299 2269 imperii,
326 2207 393 2249 non
415 2184 563 2249 beneficii
586 2207 753 2251 successor
776 2186 908 2269 inuidit,
937 2187 992 2269 qui
1016 2208 1055 2251 ex
1079 2187 1170 2252 docu-

58 2274 279 2338 xmnmentis
297 2273 481 2357 tabulisque
501 2273 614 2358 populi
633 2273 815 2339 condonata
832 2275 994 2358 repetiuit.
1024 2279 1063 2340 tu
1082 2296 1170 2360 argu·

159 2367 269 2428 menta
311 2361 419 2428 omnia
461 2362 631 2447 flagitandi
668 2362 845 2446 publicitus
888 2363 1001 2428 ardere
1040 2363 1169 2429 iussisti.

107 2452 268 2517 uuidere
292 2452 326 2516 in
346 2450 412 2515 suis
432 2472 577 2534 quaeque
594 2450 673 2516 foris
693 2472 806 2515 omnes
825 2450 974 2516 ciuitates
994 2452 1168 2538 conflagra-

160 2539 282 2605 tionem
315 2539 455 2605 salubris
488 2539 637 2604 incendii.
678 2540 833 2604 ardebant
865 2540 982 2624 stirpes
1010 2539 1202 2605 fraudiumsu

159 2633 320 2694 ueterum:
354 2628 511 2692 ardebant
542 2629 665 2692 semina
698 2628 889 2692 futurarum.
935 2629 1000 2692 iam
1035 2651 1069 2693 se
1103 2650 1168 2692 eum

159 2718 293 2802 puluere
321 2717 434 2782 fauilla
463 2717 647 2800 miscuerat,
679 2717 745 2780 ism
771 2716 912 2780 nubibus
935 2716 1044 2782 fumus
1069 2718 1167 2781 sein·

159 2806 321 2870 uoluerat:
358 2811 391 2868 et
424 2803 528 2868 adhuc
560 2805 691 2868 obnoxii
728 2805 763 2868 in
799 2805 928 2890 paginis
962 2805 1167 2870 concrematis

159 2893 273 2957 ductus
294 2893 420 2975 apicum
442 2897 475 2955 et
494 2893 717 2957 sestertiorum
735 2897 830 2958 notas
850 2915 921 2958 cum
937 2892 1167 2958 substantiolae

231 3106 283 3154 479
303 3099 343 3153 nil
362 3100 398 3151 M
449 3104 501 3154 480
520 3100 684 3168 uespaxiani
696 3101 722 3154 Τ
737 3102 894 3169 uespesiani
910 3103 946 3155 M
961 3106 966 3168 Ι
981 3102 1072 3157 nimia
1089 3099 1168 3159 ontT

195 3175 246 3225 481
266 3170 381 3226 ferenda
400 3169 438 3224 Μ
495 3175 547 3224 482
566 3169 728 3226 ualentiano
751 3171 804 3227 Te
863 3176 916 3226 484
933 3172 1041 3241 optimo
1062 3174 1088 3228 T
1103 3171 1167 3244 opti·

159 3257 221 3296 mas
242 3243 279 3296 M
300 3243 405 3312 optime
425 3241 476 3309 G}
501 3241 542 3296 rei
562 3260 597 3311 .p.
619 3241 701 3296 Trai
720 3261 766 3312 pu.
787 3243 843 3310 Ml
868 3242 1006 3311 intelligis
1025 3244 1053 3297 Z
1121 3247 1166 3298 480

160 3312 335 3367 leuissimum
356 3314 393 3366 Μ
465 3318 516 3367 487
535 3312 690 3382 singulares
713 3313 892 3367 Tsoculares
913 3315 950 3366 M
955 3312 981 3366 G
1054 3321 1108 3369 490
1125 3332 1166 3369 uu-

161 3399 245 3451 quam
266 3385 291 3436 Z
306 3388 312 3448 l
327 3385 526 3451 imperatorem
545 3383 571 3438 G
587 3384 592 3451 l
608 3383 678 3453 suis]
698 3383 753 3438 suit
773 3384 811 3436 M
863 3389 912 3437 491
934 3386 1089 3452 tyrayanus
1107 3384 1140 3438 M

160 3458 213 3507 498
232 3453 352 3507 recentis
373 3452 400 3506 G
460 3458 612 3508 495-870
631 3453 680 3522 (Et
697 3453 854 3508 Antoninus
872 3485 908 3493 —
927 3453 993 3522 cibi)
1014 3456 1113 3510 iurum
1129 3469 1168 3508 et»

161 3524 230 3579 cidit
252 3524 350 3590 folium
372 3526 487 3593 scorpii
509 3525 724 3580 Vindobooensia
744 3524 771 3578 θ
842 3530 894 3579 495
918 3523 1081 3581 indulxerat
1099 3524 1135 3580 M

161 3601 213 3649 497
234 3594 333 3664 populi
353 3610 403 3648 om.
423 3594 461 3648 M
484 3595 596 3664 populis
616 3596 768 3651 Mommsen
794 3596 898 3665 populo
918 3596 1035 3650 Schenkl
1064 3600 1068 3663 Ι
1097 3611 1168 3665 repe

161 3667 226 3719 tunt
244 3665 282 3717 M
332 3670 383 3718 499
404 3665 632 3735 conflagitionem
650 3667 688 3719 M
738 3673 790 3722 500
809 3671 905 3736 stupes
925 3666 982 3737 Ml
1005 3664 1169 3723 fraudumG

198 3740 249 3790 501
274 3734 381 3790 semina
403 3736 428 3788 Τ
457 3735 608 3791 seminaria
627 3738 694 3792 MG
765 3743 817 3792 502
840 3738 932 3792 fumus
957 3740 999 3807 se]
1029 3755 1059 3792 se
1083 3733 1173 3793 oar-Z

162 3807 227 3862 aad.
246 3806 395 3862 Acidaliae
468 3813 519 3863 703
539 3808 712 3875 concretiss
779 3813 831 3862 704
851 3808 1047 3863 sestertiorum
1069 3807 1170 3875 TMfl

163 3893 226 3932 eum
236 3877 443 3933 substantiolae
452 3877 561 3934 ratione
569 3877 667 3948 Peiper
686 3878 1171 3950 conuiuantiaaroeoelooniuuaa
