2430 4274
533 565 749 632 ..35-

82 778 295 831 {suspumfi
313 755 443 812 XXXIIII
461 756 511 811 DE
531 755 717 814 SEPVLCRO
737 754 846 829 [CARI]
865 756 990 814 VACVO

131 885 188 950 Me
211 885 277 949 sibi
300 887 334 948 et
356 884 450 948 uxori
473 888 506 948 et
528 883 614 947 natis
638 905 807 949 commune
831 884 1011 968 sepulcrum

181 971 363 1038 Constituit
386 994 474 1037 seras
499 969 602 1036 Carus
627 970 667 1036 ad
691 972 852 1056 exequias.

132 1062 269 1146 Iamque
293 1060 348 1126 diu
371 1064 582 1126 monumenta
605 1064 726 1125 uacent
748 1061 855 1144 sitque
878 1061 942 1126 istu
965 1062 1108 1146 querella

179 1149 326 1235 Longior
348 1152 381 1213 et
404 1149 517 1214 ueniat
539 1148 651 1214 ordine
675 1148 809 1234 quisque
834 1170 907 1234 suu,

132 1236 301 1304 Nascendi
325 1239 380 1322 qui
403 1238 476 1322 lege
500 1238 608 1321 datus,
630 1237 857 1322 placidumque
880 1259 938 1323 per
960 1259 1077 1302 aeuum
1134 1253 1151 1302 5

180 1325 362 1411 Condetur,
385 1330 466 1391 nutu
488 1326 543 1410 qui
565 1325 669 1410 prior,
692 1327 746 1391 ille
769 1327 868 1410 prior.

77 1540 128 1586 [sss
218 1516 324 1572 XXXV
354 1515 395 1570 IN
413 1516 598 1577 TVMVEVM
617 1516 844 1574 SEDECENNIS
862 1517 1068 1574 MATRONAE

104 1589 254 1640 Epicmu]

131 1653 253 1720 Omnia
275 1674 358 1738 quse
381 1653 481 1738 longo
504 1653 593 1718 uitae
616 1654 791 1739 cupiuntur
812 1654 848 1718 in
871 1675 966 1737 aeuo,

131 1743 223 1806 Ante
246 1744 361 1825 quater
383 1743 515 1826 plenum
539 1742 741 1826 consumpsit
763 1741 880 1806 Anicia
903 1743 1052 1808 lustrum.

129 1829 246 1896 Infans
269 1831 418 1915 lectsuit,
440 1830 543 1914 pubes
567 1835 601 1896 et
623 1831 717 1915 uirgo
741 1830 891 1895 adoleuit

129 1918 271 2002 Nupsit,
293 1920 454 2003 concepit,
477 1919 615 2003 peperit,
638 1918 703 1983 iam
728 1922 834 1984 mater
856 1919 969 1984 obiuit.

131 2007 213 2084 Quis
237 2010 375 2072 mortem
399 2006 550 2072 accuset?
597 2007 668 2091 quis
692 2030 758 2073 non
781 2012 911 2072 accuset
933 2007 967 2072 in
990 2006 1077 2072 istu?
1133 2022 1149 2071 o

130 2096 263 2160 Aetatis
287 2097 412 2160 meritis
436 2117 517 2160 unus
541 2099 604 2180 est,
627 2100 735 2161 aetate
758 2096 878 2181 puella.

130 2268 265 2324 xxxnll
290 2269 405 2324 Anthol.
425 2267 484 2325 Pau
503 2269 556 2323 VII
576 2273 628 2323 228

565 2356 722 2396 Auecnonou

204 2415 291 2491 Αὐτῷ
310 2420 361 2473 καὶ
380 2417 509 2475 testeum
525 2419 642 2490 γυναιξί
657 2437 685 2473 τε
705 2415 812 2544 τύμβον
832 2417 946 2489 ἔδειμεν

238 2484 415 2558 Ἀνδροτίων·
436 2486 515 2546 οὔπω
534 2487 563 2544 δ’
584 2484 703 2551 οὐδενός
722 2508 778 2559 εμι
797 2487 899 2559 τάφος·

206 2556 288 2615 Οὕτω
306 2561 357 2614 καὶ
374 2563 504 2632 μείναιμι
520 2556 611 2616 πολὺν
630 2557 746 2629 χρόνον·
767 2558 794 2614 εί
811 2556 840 2613 δ’
860 2556 918 2627 ἄρα
937 2560 986 2613 καί
1004 2563 1064 2628 δεῖ,

240 2632 378 2702 δεξαίμην
398 2629 430 2688 ἐν
450 2627 514 2703 ἐμοὶ
531 2629 598 2694 τοὺς
616 2626 769 2698 προτέρους
788 2628 950 2698 προτέρους.

127 2743 346 2753 .----

202 2808 332 2864 numm
368 2828 455 2864 mm
469 2810 561 2879 praef.
586 2807 630 2872 V!
651 2807 799 2876 sepulchro
824 2807 851 2860 V
870 2806 929 2862 cari
951 2824 1002 2864 om.
1026 2807 1053 2862 V
1129 2810 1192 2863 1V

129 2880 185 2934 siui
210 2880 246 2932 V¹
319 2879 500 2949 tsxsequiss
522 2879 550 2934 V
618 2881 698 2934 teto
722 2879 747 2932 V
822 2877 955 2934 4beniut
979 2879 1014 2933 V¹
1034 2879 1150 2934 ueniant
1206 2934 1212 2945 ,

127 2952 268 3007 Heinsius

200 3036 306 3093 XXXV
332 3040 415 3095 inscr.
434 3041 546 3108 (mnu
562 3038 661 3108 praef.)
686 3035 713 3090 V
746 3037 930 3108 Epitaphium
950 3039 1037 3094 unitio
1056 3039 1143 3110 MGp
1151 3040 1207 3094 ΡΖ

126 3110 331 3181 Epytuphyum
351 3109 441 3166 unicis
460 3109 491 3163 in
509 3109 661 3178 ausoniop
686 3107 798 3178 puellae
820 3111 948 3164 mortuos
967 3111 1032 3166 odd.
1052 3110 1078 3166 G

129 3190 142 3237 1
166 3181 247 3251 unte]
268 3181 328 3236 ansi
348 3182 383 3250 (si
402 3182 463 3250 del.)
485 3181 511 3233 Τ
580 3186 596 3234 2
616 3179 769 3234 consumsit
787 3179 831 3248 Vl
847 3180 957 3235 unnitiu
978 3178 1149 3236 Touitin

164 3295 181 3343 ³
202 3263 344 3370 udileuite
361 3305 378 3343 o
396 3289 467 3343 male
483 3289 585 3370 scripto
604 3287 719 3341 alterum
739 3303 755 3341 o
773 3301 807 3341 es.
823 3304 869 3368 pr.
890 3287 916 3341 Τ
957 3293 991 3369 ,ὁ
1010 3287 1073 3370 quis
1092 3303 1148 3342 non

123 3375 151 3413 o
172 3359 203 3414 in
223 3361 268 3414 sta
290 3357 317 3412 V
336 3377 366 3413 m
389 3359 443 3415 isto
463 3357 584 3428 Seoltper
604 3362 633 3424 1,
652 3360 688 3411 21
714 3357 867 3444 compleuit
888 3374 984 3412 mume
1002 3360 1079 3413 uitae
1099 3358 1148 3427 Zp

163 3465 259 3522 oium
277 3484 314 3523 m.
333 3482 358 3520 u.
379 3481 401 3520 e.
422 3467 452 3521 et
469 3465 560 3521 adhuc
579 3481 604 3519 a.
623 3481 650 3533 p.
671 3465 720 3535 Zp
757 3448 801 3535 fiii
838 3467 866 3532 (v
885 3465 921 3520 ol.
941 3481 984 3532 m„
1003 3465 1148 3535 eademque

126 3539 195 3592 add.
215 3535 387 3591 miscmsV
