2430 4274
469 514 686 579 „61-

325 672 471 738 Perdidit
494 673 528 738 in
552 674 650 740 senio.

327 759 384 826 Set
406 765 518 827 tamen
539 760 626 827 hunc
647 766 758 828 noster

269 866 303 916 tc
327 847 603 916 Commemorauit
625 851 743 935 honos,

325 938 376 1004 Ne
398 939 522 1023 pariter
546 939 691 1005 tumulus

325 1026 455 1093 Nomen
477 1032 512 1093 et
534 1049 609 1094 ossa
630 1031 732 1114 tegat.

17 1290 63 1342 tm]
146 1269 195 1328 XI.
215 1271 441 1328 HEROVLANO
461 1271 614 1328 SORORIS
633 1272 729 1330 FILIO
749 1272 994 1331 GRAMMATICO

431 1350 713 1409 BVRDIGALENSL

58 1479 255 1564 Herculeus,
278 1479 344 1564 qui,
366 1479 532 1563 profectus
555 1479 679 1564 gremio
704 1481 744 1545 de
766 1486 881 1547 nostro
905 1486 939 1547 et
958 1483 1079 1567 schola,

58 1567 158 1654 Spem
177 1569 296 1653 magis,
318 1589 417 1653 quam
435 1589 506 1633 rem
522 1567 692 1634 fruendam
710 1570 890 1652 praebuisti
909 1571 1078 1656 auunculo,

57 1656 231 1742 Particeps
255 1657 386 1723 scholae
409 1660 442 1721 et
465 1655 638 1722 cathedrae
660 1677 761 1740 paene
785 1679 935 1723 sucessor
957 1680 1058 1741 meae,
1177 1658 1182 1667 '

58 1744 222 1811 Lubricae
244 1744 364 1810 uisite
387 1745 539 1810 iuuentae
561 1744 774 1829 praecipitem
796 1746 898 1811 flexus
921 1746 1026 1830 deret,

57 1833 265 1920 Pythagorei
287 1855 355 1900 non
376 1836 540 1899 tenentem
562 1832 706 1898 tramitis
728 1838 851 1899 rectam
873 1835 976 1900 uiamz
1062 1851 1078 1900 c

57 1920 144 1988 Esto
167 1922 315 2006 placidus
339 1926 372 1987 et
394 1922 513 2007 quietis
537 1922 689 1987 manibus
712 1922 821 1988 sedem
844 1923 932 2007 ioue,

57 2010 130 2077 Iam
155 2011 239 2076 mihi
262 2016 402 2096 cognata
425 2011 545 2076 dudum
568 2012 653 2075 inter
676 2016 872 2078 memoratus
896 2012 1035 2078 nomina.

10 2276 63 2324 ‘rori
223 2254 283 2310 XII.
306 2253 497 2310 THALASSO
517 2253 758 2311 GRAMMATICO
778 2255 916 2313 LATINO

431 2332 711 2390 BVRDIGALENSL

57 2460 213 2527 Officium
235 2481 415 2544 nomenque
438 2464 545 2542 tuum,
568 2461 732 2545 primaeua
755 2462 913 2528 Thalassa
920 2514 928 2545 ,

103 2548 267 2614 Paruulus
290 2548 413 2615 audiui:
435 2549 492 2614 uix
515 2550 615 2615 etiem
638 2550 785 2634 memini,

57 2638 132 2715 Qua
154 2637 262 2703 forma
284 2641 342 2701 aut
364 2638 482 2703 merito
505 2636 620 2723 fueris,
642 2661 706 2723 qua
729 2639 830 2722 stirpe
851 2643 1029 2723 parentum.

104 2727 210 2791 Aetas
233 2726 282 2790 nil
305 2725 345 2791 de
366 2731 400 2791 te
422 2727 586 2811 posterior
608 2727 758 2793 celebrat.

58 2813 319 2880 Grammaticum
341 2815 492 2880 iuuenem
515 2819 645 2880 tantum
668 2820 700 2881 te
723 2816 811 2882 fama
833 2816 974 2902 ferebat,
1060 2834 1076 2883 o

103 2901 190 2967 Tum
214 2924 341 2988 quoquc
364 2907 432 2968 tam
455 2905 577 2988 tenuis,
603 2926 700 2989 quam
723 2905 819 2972 modo
843 2906 934 2972 nulla
957 2910 1075 2972 manet.

58 2989 117 3057 Set
140 2992 334 3077 quicumque
356 2996 481 3076 tamen,
502 3000 617 3059 nostro
640 2994 716 3078 quia
739 2994 851 3061 doctor
873 2994 908 3059 in
932 3018 1012 3062 aeuo

101 3078 240 3164 Vixisti,
262 3081 325 3145 hoc
347 3085 495 3146 nostrum
520 3103 636 3146 munus
659 3081 794 3148 habeto:
818 3084 901 3149 uale.

129 3306 171 3362 XI
187 3325 327 3363 nomaso
347 3308 374 3362 V
406 3313 500 3362 caefi
517 3313 600 3363 avani
618 3308 646 3362 V
701 3315 795 3365 2rem
815 3325 865 3366 orn.
885 3309 912 3364 V
926 3311 989 3366 aad.
1006 3310 1074 3365 Pul·

55 3395 144 3436 moms
217 3378 329 3434 treola
349 3379 375 3432 V
439 3380 637 3436 rinbenteV
702 3380 877 3452 cpitagorei
897 3380 924 3434 V
980 3382 1074 3452 upla-

55 3462 125 3557 sat
143 3486 166 3557 (r
184 3486 266 3555 eras.)
289 3484 333 3555 Vl
348 3484 431 3541 roure
454 3485 482 3539 r
551 3487 655 3542 snio
679 3487 705 3541 v

127 3572 182 3630 XII
200 3592 316 3630 narseo
335 3579 424 3629 orico
443 3593 540 3631 urnro
558 3575 694 3631 avanrorn
718 3576 744 3629 V
778 3576 922 3632 Thalassio
943 3576 1003 3632 Toll

58 3646 240 3703 lthalassae
265 3645 292 3699 V
308 3645 439 3701 Thalassi
459 3647 520 3703 Tou
600 3646 986 3719 cnihichos.Sca1i9c
1057 3653 1073 3701 6

55 3717 167 3774 temnat
189 3716 226 3773 V¹
300 3715 438 3773 secuero
462 3717 498 3772 V¹
517 3717 599 3774 abeto
624 3719 661 3772 V'
