<?xml version="1.0" encoding="UTF-8"?>
<!DOCTYPE html PUBLIC "-//W3C//DTD XHTML 1.0 Transitional//EN"
    "http://www.w3.org/TR/xhtml1/DTD/xhtml1-transitional.dtd">
<html xmlns="http://www.w3.org/1999/xhtml" xml:lang="en" lang="en">
 <head>
  <title>
</title>
<meta http-equiv="Content-Type" content="text/html;charset=utf-8" />
  <meta name='ocr-system' content='tesseract 3.04.00' />
  <meta name='ocr-capabilities' content='ocr_page ocr_carea ocr_par ocr_line ocrx_word'/>
</head>
<body>
  <div class='ocr_page' id='page_1' title='image "./decimimagniavso00ausogoog_0182.png"; bbox 0 0 2430 4274; ppageno 0'>
   <div class='ocr_carea' id='block_1_1' title="bbox 468 529 686 596">
    <p class='ocr_par' dir='ltr' id='par_1_1' title="bbox 468 529 686 596">
     <span class='ocr_line' id='line_1_1' title="bbox 468 529 686 596; baseline 0.014 -18"><span class='ocrx_word' id='word_1_1' title='bbox 468 529 686 596; x_wconf 68' lang='lat'><strong>„49-</strong></span> 
     </span>
    </p>
   </div>
   <div class='ocr_carea' id='block_1_2' title="bbox 59 687 1009 780">
    <p class='ocr_par' dir='ltr' id='par_1_2' title="bbox 59 687 1009 780">
     <span class='ocr_line' id='line_1_2' title="bbox 59 687 1009 780; baseline 0.007 -25"><span class='ocrx_word' id='word_1_2' title='bbox 59 689 209 755; x_wconf 82' lang='lat' dir='ltr'><strong>Adserat</strong></span> <span class='ocrx_word' id='word_1_3' title='bbox 230 709 332 773; x_wconf 88' lang='lat' dir='ltr'><strong>usque</strong></span> <span class='ocrx_word' id='word_1_4' title='bbox 354 689 432 755; x_wconf 90' lang='lat' dir='ltr'><strong>licet</strong></span> <span class='ocrx_word' id='word_1_5' title='bbox 453 687 592 755; x_wconf 85' lang='lat' dir='ltr'><strong>Fabium</strong></span> <span class='ocrx_word' id='word_1_6' title='bbox 615 689 804 777; x_wconf 74' lang='lat' dir='ltr'>Calagurris</span> <span class='ocrx_word' id='word_1_7' title='bbox 827 694 1009 780; x_wconf 85' lang='lat' dir='ltr'><strong>alumnum,</strong></span> 
     </span>
    </p>
   </div>
   <div class='ocr_carea' id='block_1_3' title="bbox 58 776 1083 3340">
    <p class='ocr_par' dir='ltr' id='par_1_3' title="bbox 58 776 1083 3340">
     <span class='ocr_line' id='line_1_3' title="bbox 105 776 918 864; baseline 0.006 -20"><span class='ocrx_word' id='word_1_8' title='bbox 105 777 187 844; x_wconf 91' lang='lat' dir='ltr'><strong>Non</strong></span> <span class='ocrx_word' id='word_1_9' title='bbox 210 777 254 843; x_wconf 85' lang='lat' dir='ltr'><strong>sit</strong></span> <span class='ocrx_word' id='word_1_10' title='bbox 276 776 474 864; x_wconf 87' lang='lat' dir='ltr'><strong>Burdigalae</strong></span> <span class='ocrx_word' id='word_1_11' title='bbox 497 777 573 844; x_wconf 88' lang='lat' dir='ltr'><strong>dum</strong></span> <span class='ocrx_word' id='word_1_12' title='bbox 597 779 753 846; x_wconf 75' lang='lat' dir='ltr'><strong>cathedra</strong></span> <span class='ocrx_word' id='word_1_13' title='bbox 775 781 918 850; x_wconf 84' lang='lat' dir='ltr'><strong>inferior.</strong></span> 
     </span>
     <span class='ocr_line' id='line_1_4' title="bbox 60 865 956 952; baseline 0.007 -20"><span class='ocrx_word' id='word_1_14' title='bbox 60 866 158 932; x_wconf 81' lang='lat' dir='ltr'><strong>Mille</strong></span> <span class='ocrx_word' id='word_1_15' title='bbox 181 866 255 932; x_wconf 86' lang='lat' dir='ltr'><strong>ioro</strong></span> <span class='ocrx_word' id='word_1_16' title='bbox 279 865 368 932; x_wconf 89' lang='lat' dir='ltr'><strong>dedit</strong></span> <span class='ocrx_word' id='word_1_17' title='bbox 390 865 443 932; x_wconf 93' lang='lat' dir='ltr'><strong>hic</strong></span> <span class='ocrx_word' id='word_1_18' title='bbox 465 866 611 952; x_wconf 84' lang='lat' dir='ltr'><strong>iuuenes3</strong></span> <span class='ocrx_word' id='word_1_19' title='bbox 634 867 687 933; x_wconf 90' lang='lat' dir='ltr'><strong>bis</strong></span> <span class='ocrx_word' id='word_1_20' title='bbox 710 869 801 934; x_wconf 93' lang='lat' dir='ltr'><strong>mille</strong></span> <span class='ocrx_word' id='word_1_21' title='bbox 825 876 956 938; x_wconf 89' lang='lat' dir='ltr'><strong>senatus</strong></span> 
     </span>
     <span class='ocr_line' id='line_1_5' title="bbox 108 948 1083 1043; baseline 0.008 -23"><span class='ocrx_word' id='word_1_22' title='bbox 108 954 242 1021; x_wconf 81' lang='lat' dir='ltr'><strong>Adiecit</strong></span> <span class='ocrx_word' id='word_1_23' title='bbox 263 976 399 1021; x_wconf 87' lang='lat' dir='ltr'><strong>numero</strong></span> <span class='ocrx_word' id='word_1_24' title='bbox 421 948 656 1040; x_wconf 77' lang='lat' dir='ltr'><strong>purpureisque</strong></span> <span class='ocrx_word' id='word_1_25' title='bbox 678 958 779 1043; x_wconf 82' lang='lat' dir='ltr'><strong>togis3</strong></span> <span class='ocrx_word' id='word_1_26' title='bbox 1048 978 1083 1028; x_wconf 83' lang='lat' dir='ltr'><strong>lo</strong></span> 
     </span>
     <span class='ocr_line' id='line_1_6' title="bbox 61 1043 1068 1133; baseline 0.008 -25"><span class='ocrx_word' id='word_1_27' title='bbox 61 1043 116 1108; x_wconf 84' lang='lat' dir='ltr'><strong>Me</strong></span> <span class='ocrx_word' id='word_1_28' title='bbox 140 1064 282 1129; x_wconf 89' lang='lat' dir='ltr'><strong>quoque:</strong></span> <span class='ocrx_word' id='word_1_29' title='bbox 306 1047 357 1108; x_wconf 87' lang='lat' dir='ltr'><strong>set</strong></span> <span class='ocrx_word' id='word_1_30' title='bbox 380 1043 535 1127; x_wconf 79' lang='lat' dir='ltr'><strong>quoniam</strong></span> <span class='ocrx_word' id='word_1_31' title='bbox 558 1044 664 1110; x_wconf 84' lang='lat' dir='ltr'><strong>multa</strong></span> <span class='ocrx_word' id='word_1_32' title='bbox 686 1047 737 1110; x_wconf 89' lang='lat' dir='ltr'><strong>est</strong></span> <span class='ocrx_word' id='word_1_33' title='bbox 759 1050 942 1133; x_wconf 83' lang='lat' dir='ltr'><strong>praetexta,</strong></span> <span class='ocrx_word' id='word_1_34' title='bbox 964 1048 1068 1116; x_wconf 90' lang='lat' dir='ltr'><strong>silebo</strong></span> 
     </span>
     <span class='ocr_line' id='line_1_7' title="bbox 106 1131 892 1217; baseline 0.004 -21"><span class='ocrx_word' id='word_1_35' title='bbox 106 1131 220 1217; x_wconf 83' lang='lat' dir='ltr'>Teque</span> <span class='ocrx_word' id='word_1_36' title='bbox 243 1153 358 1197; x_wconf 87' lang='lat' dir='ltr'><strong>canam</strong></span> <span class='ocrx_word' id='word_1_37' title='bbox 381 1131 421 1197; x_wconf 89' lang='lat' dir='ltr'><strong>de</strong></span> <span class='ocrx_word' id='word_1_38' title='bbox 443 1136 489 1215; x_wconf 89' lang='lat' dir='ltr'><strong>te,</strong></span> <span class='ocrx_word' id='word_1_39' title='bbox 511 1154 577 1198; x_wconf 93' lang='lat' dir='ltr'><strong>non</strong></span> <span class='ocrx_word' id='word_1_40' title='bbox 600 1133 641 1199; x_wconf 92' lang='lat' dir='ltr'><strong>ab</strong></span> <span class='ocrx_word' id='word_1_41' title='bbox 664 1133 788 1199; x_wconf 90' lang='lat' dir='ltr'><strong>honore</strong></span> <span class='ocrx_word' id='word_1_42' title='bbox 811 1157 892 1202; x_wconf 91' lang='lat' dir='ltr'><strong>meo.</strong></span> 
     </span>
     <span class='ocr_line' id='line_1_8' title="bbox 62 1218 869 1309; baseline 0.002 -23"><span class='ocrx_word' id='word_1_43' title='bbox 62 1218 141 1286; x_wconf 84' lang='lat' dir='ltr'><strong>Sine</strong></span> <span class='ocrx_word' id='word_1_44' title='bbox 164 1221 371 1306; x_wconf 71' lang='lat' dir='ltr'><strong>panegyricis</strong></span> <span class='ocrx_word' id='word_1_45' title='bbox 393 1220 522 1304; x_wconf 87' lang='lat' dir='ltr'><strong>placeat</strong></span> <span class='ocrx_word' id='word_1_46' title='bbox 545 1222 739 1287; x_wconf 76' lang='lat' dir='ltr'><strong>contendere</strong></span> <span class='ocrx_word' id='word_1_47' title='bbox 761 1223 869 1309; x_wconf 91' lang='lat' dir='ltr'><strong>libris,</strong></span> 
     </span>
     <span class='ocr_line' id='line_1_9' title="bbox 106 1307 826 1396; baseline 0.006 -23"><span class='ocrx_word' id='word_1_48' title='bbox 106 1308 148 1373; x_wconf 91' lang='lat' dir='ltr'><strong>In</strong></span> <span class='ocrx_word' id='word_1_49' title='bbox 170 1307 424 1374; x_wconf 85' lang='lat' dir='ltr'><strong>Panathenaicis</strong></span> <span class='ocrx_word' id='word_1_50' title='bbox 448 1312 485 1374; x_wconf 94' lang='lat' dir='ltr'><strong>tu</strong></span> <span class='ocrx_word' id='word_1_51' title='bbox 508 1310 725 1377; x_wconf 88' lang='lat' dir='ltr'><strong>numerandus</strong></span> <span class='ocrx_word' id='word_1_52' title='bbox 749 1312 826 1396; x_wconf 81' lang='lat' dir='ltr'><strong>eris3</strong></span> 
     </span>
     <span class='ocr_line' id='line_1_10' title="bbox 62 1395 1080 1485; baseline 0.005 -22"><span class='ocrx_word' id='word_1_53' title='bbox 62 1395 128 1463; x_wconf 88' lang='lat' dir='ltr'><strong>Seu</strong></span> <span class='ocrx_word' id='word_1_54' title='bbox 150 1396 255 1463; x_wconf 88' lang='lat' dir='ltr'><strong>libeat</strong></span> <span class='ocrx_word' id='word_1_55' title='bbox 276 1398 371 1462; x_wconf 85' lang='lat' dir='ltr'><strong>fictas</strong></span> <span class='ocrx_word' id='word_1_56' title='bbox 393 1397 543 1462; x_wconf 91' lang='lat' dir='ltr'><strong>ludorum</strong></span> <span class='ocrx_word' id='word_1_57' title='bbox 567 1400 716 1464; x_wconf 90' lang='lat' dir='ltr'><strong>euoluere</strong></span> <span class='ocrx_word' id='word_1_58' title='bbox 739 1400 826 1485; x_wconf 83' lang='lat' dir='ltr'><strong>lites,</strong></span> <span class='ocrx_word' id='word_1_59' title='bbox 1046 1419 1080 1468; x_wconf 76' lang='lat'><strong>16</strong></span> 
     </span>
     <span class='ocr_line' id='line_1_11' title="bbox 107 1484 836 1569; baseline 0.007 -20"><span class='ocrx_word' id='word_1_60' title='bbox 107 1485 297 1569; x_wconf 84' lang='lat' dir='ltr'><strong>Ancipitem</strong></span> <span class='ocrx_word' id='word_1_61' title='bbox 319 1486 463 1569; x_wconf 86' lang='lat' dir='ltr'><strong>palmam</strong></span> <span class='ocrx_word' id='word_1_62' title='bbox 487 1484 707 1561; x_wconf 80' lang='lat' dir='ltr'><strong>Quintilianus</strong></span> <span class='ocrx_word' id='word_1_63' title='bbox 730 1487 836 1555; x_wconf 86' lang='lat' dir='ltr'><strong>habet.</strong></span> 
     </span>
     <span class='ocr_line' id='line_1_12' title="bbox 67 1572 960 1662; baseline 0.004 -24"><span class='ocrx_word' id='word_1_64' title='bbox 67 1572 207 1638; x_wconf 91' lang='lat' dir='ltr'><strong>Dicendi</strong></span> <span class='ocrx_word' id='word_1_65' title='bbox 230 1577 358 1639; x_wconf 88' lang='lat' dir='ltr'><strong>torrens</strong></span> <span class='ocrx_word' id='word_1_66' title='bbox 381 1574 443 1639; x_wconf 92' lang='lat' dir='ltr'><strong>tibi</strong></span> <span class='ocrx_word' id='word_1_67' title='bbox 466 1576 571 1659; x_wconf 91' lang='lat' dir='ltr'><strong>copia,</strong></span> <span class='ocrx_word' id='word_1_68' title='bbox 594 1596 676 1659; x_wconf 89' lang='lat' dir='ltr'><strong>quae</strong></span> <span class='ocrx_word' id='word_1_69' title='bbox 698 1580 809 1641; x_wconf 87' lang='lat' dir='ltr'><strong>tamen</strong></span> <span class='ocrx_word' id='word_1_70' title='bbox 832 1599 960 1662; x_wconf 87' lang='lat' dir='ltr'><strong>aurum,</strong></span> 
     </span>
     <span class='ocr_line' id='line_1_13' title="bbox 106 1661 808 1730; baseline 0.004 -3"><span class='ocrx_word' id='word_1_71' title='bbox 106 1661 184 1728; x_wconf 89' lang='lat' dir='ltr'><strong>Non</strong></span> <span class='ocrx_word' id='word_1_72' title='bbox 207 1661 306 1728; x_wconf 82' lang='lat' dir='ltr'><strong>etiarn</strong></span> <span class='ocrx_word' id='word_1_73' title='bbox 329 1662 450 1727; x_wconf 88' lang='lat' dir='ltr'><strong>luteam</strong></span> <span class='ocrx_word' id='word_1_74' title='bbox 472 1664 622 1728; x_wconf 86' lang='lat' dir='ltr'><strong>uolueret</strong></span> <span class='ocrx_word' id='word_1_75' title='bbox 642 1664 808 1730; x_wconf 90' lang='lat' dir='ltr'><strong>inluuiem.</strong></span> 
     </span>
     <span class='ocr_line' id='line_1_14' title="bbox 62 1749 1023 1838; baseline 0.003 -23"><span class='ocrx_word' id='word_1_76' title='bbox 62 1749 108 1815; x_wconf 85' lang='lat' dir='ltr'><strong>Et</strong></span> <span class='ocrx_word' id='word_1_77' title='bbox 130 1749 431 1834; x_wconf 77' lang='lat' dir='ltr'><strong>Demosthenicum,</strong></span> <span class='ocrx_word' id='word_1_78' title='bbox 454 1751 540 1836; x_wconf 88' lang='lat' dir='ltr'><strong>quod</strong></span> <span class='ocrx_word' id='word_1_79' title='bbox 562 1756 614 1817; x_wconf 93' lang='lat' dir='ltr'><strong>ter</strong></span> <span class='ocrx_word' id='word_1_80' title='bbox 634 1753 776 1835; x_wconf 90' lang='lat' dir='ltr'><strong>primum</strong></span> <span class='ocrx_word' id='word_1_81' title='bbox 799 1753 856 1817; x_wconf 94' lang='lat' dir='ltr'><strong>ille</strong></span> <span class='ocrx_word' id='word_1_82' title='bbox 879 1753 1023 1838; x_wconf 87' lang='lat' dir='ltr'><strong>uocauit,</strong></span> 
     </span>
     <span class='ocr_line' id='line_1_15' title="bbox 105 1838 1080 1924; baseline 0.004 -20"><span class='ocrx_word' id='word_1_83' title='bbox 105 1838 145 1904; x_wconf 91' lang='lat' dir='ltr'><strong>In</strong></span> <span class='ocrx_word' id='word_1_84' title='bbox 169 1844 203 1904; x_wconf 90' lang='lat' dir='ltr'><strong>te</strong></span> <span class='ocrx_word' id='word_1_85' title='bbox 227 1840 273 1904; x_wconf 88' lang='lat' dir='ltr'><strong>sie</strong></span> <span class='ocrx_word' id='word_1_86' title='bbox 295 1839 417 1923; x_wconf 80' lang='lat' dir='ltr'><strong>uiguit,</strong></span> <span class='ocrx_word' id='word_1_87' title='bbox 440 1839 534 1904; x_wconf 88' lang='lat' dir='ltr'><strong>cedat</strong></span> <span class='ocrx_word' id='word_1_88' title='bbox 556 1844 594 1905; x_wconf 90' lang='lat' dir='ltr'><strong>ut</strong></span> <span class='ocrx_word' id='word_1_89' title='bbox 615 1840 686 1924; x_wconf 88' lang='lat' dir='ltr'><strong>ipse</strong></span> <span class='ocrx_word' id='word_1_90' title='bbox 709 1840 779 1906; x_wconf 80' lang='lat' dir='ltr'><strong>tibi</strong></span> <span class='ocrx_word' id='word_1_91' title='bbox 1044 1857 1080 1908; x_wconf 80' lang='lat'><strong>20</strong></span> 
     </span>
     <span class='ocr_line' id='line_1_16' title="bbox 61 1926 737 1995; baseline 0.003 -4"><span class='ocrx_word' id='word_1_92' title='bbox 61 1927 157 1992; x_wconf 83' lang='lat' dir='ltr'><strong>Anne</strong></span> <span class='ocrx_word' id='word_1_93' title='bbox 180 1932 214 1992; x_wconf 90' lang='lat' dir='ltr'><strong>et</strong></span> <span class='ocrx_word' id='word_1_94' title='bbox 236 1926 340 1992; x_wconf 91' lang='lat' dir='ltr'><strong>diuini</strong></span> <span class='ocrx_word' id='word_1_95' title='bbox 362 1926 450 1992; x_wconf 91' lang='lat' dir='ltr'><strong>bona</strong></span> <span class='ocrx_word' id='word_1_96' title='bbox 471 1928 637 1993; x_wconf 88' lang='lat' dir='ltr'><strong>naturalia</strong></span> <span class='ocrx_word' id='word_1_97' title='bbox 660 1928 737 1995; x_wconf 92' lang='lat' dir='ltr'><strong>doni</strong></span> 
     </span>
     <span class='ocr_line' id='line_1_17' title="bbox 107 2015 825 2102; baseline 0.004 -22"><span class='ocrx_word' id='word_1_98' title='bbox 107 2015 274 2100; x_wconf 84' lang='lat' dir='ltr'><strong>Adiciam,</strong></span> <span class='ocrx_word' id='word_1_99' title='bbox 297 2016 433 2080; x_wconf 91' lang='lat' dir='ltr'><strong>memori</strong></span> <span class='ocrx_word' id='word_1_100' title='bbox 457 2037 554 2100; x_wconf 89' lang='lat' dir='ltr'><strong>quam</strong></span> <span class='ocrx_word' id='word_1_101' title='bbox 576 2016 677 2082; x_wconf 82' lang='lat' dir='ltr'><strong>fucris</strong></span> <span class='ocrx_word' id='word_1_102' title='bbox 701 2017 825 2102; x_wconf 89' lang='lat' dir='ltr'><strong>animo,</strong></span> 
     </span>
     <span class='ocr_line' id='line_1_18' title="bbox 61 2104 882 2191; baseline 0.005 -23"><span class='ocrx_word' id='word_1_103' title='bbox 61 2104 184 2169; x_wconf 83' lang='lat' dir='ltr'><strong>Audita</strong></span> <span class='ocrx_word' id='word_1_104' title='bbox 207 2109 245 2169; x_wconf 89' lang='lat' dir='ltr'><strong>nt</strong></span> <span class='ocrx_word' id='word_1_105' title='bbox 267 2105 320 2169; x_wconf 92' lang='lat' dir='ltr'><strong>uel</strong></span> <span class='ocrx_word' id='word_1_106' title='bbox 343 2105 428 2169; x_wconf 88' lang='lat' dir='ltr'><strong>lecta</strong></span> <span class='ocrx_word' id='word_1_107' title='bbox 450 2106 550 2169; x_wconf 89' lang='lat' dir='ltr'><strong>semel</strong></span> <span class='ocrx_word' id='word_1_108' title='bbox 574 2127 632 2171; x_wconf 91' lang='lat' dir='ltr'><strong>ceu</strong></span> <span class='ocrx_word' id='word_1_109' title='bbox 654 2107 719 2171; x_wconf 83' lang='lat' dir='ltr'><strong>fixa</strong></span> <span class='ocrx_word' id='word_1_110' title='bbox 741 2111 882 2191; x_wconf 89' lang='lat' dir='ltr'><strong>teneres,</strong></span> 
     </span>
     <span class='ocr_line' id='line_1_19' title="bbox 106 2191 806 2260; baseline 0.006 -4"><span class='ocrx_word' id='word_1_111' title='bbox 106 2191 251 2257; x_wconf 78' lang='lat' dir='ltr'><strong>Auribus</strong></span> <span class='ocrx_word' id='word_1_112' title='bbox 275 2197 308 2257; x_wconf 93' lang='lat' dir='ltr'><strong>et</strong></span> <span class='ocrx_word' id='word_1_113' title='bbox 330 2192 424 2257; x_wconf 87' lang='lat' dir='ltr'><strong>libris</strong></span> <span class='ocrx_word' id='word_1_114' title='bbox 448 2195 535 2258; x_wconf 88' lang='lat' dir='ltr'><strong>esset</strong></span> <span class='ocrx_word' id='word_1_115' title='bbox 557 2198 594 2259; x_wconf 91' lang='lat' dir='ltr'><strong>nt</strong></span> <span class='ocrx_word' id='word_1_116' title='bbox 615 2216 680 2260; x_wconf 86' lang='lat' dir='ltr'><strong>una</strong></span> <span class='ocrx_word' id='word_1_117' title='bbox 702 2195 806 2260; x_wconf 84' lang='lat' dir='ltr'><strong>fides?</strong></span> 
     </span>
     <span class='ocr_line' id='line_1_20' title="bbox 63 2280 1078 2368; baseline 0.005 -23"><span class='ocrx_word' id='word_1_118' title='bbox 63 2280 213 2346; x_wconf 89' lang='lat' dir='ltr'><strong>Vidimus</strong></span> <span class='ocrx_word' id='word_1_119' title='bbox 237 2289 271 2345; x_wconf 86' lang='lat' dir='ltr'><strong>et</strong></span> <span class='ocrx_word' id='word_1_120' title='bbox 293 2280 456 2364; x_wconf 89' lang='lat' dir='ltr'><strong>quondam</strong></span> <span class='ocrx_word' id='word_1_121' title='bbox 478 2282 609 2347; x_wconf 87' lang='lat' dir='ltr'><strong>tabulae</strong></span> <span class='ocrx_word' id='word_1_122' title='bbox 632 2284 806 2348; x_wconf 80' lang='lat' dir='ltr'><strong>certamine</strong></span> <span class='ocrx_word' id='word_1_123' title='bbox 830 2286 929 2368; x_wconf 78' lang='lat' dir='ltr'><strong>longo</strong></span> <span class='ocrx_word' id='word_1_124' title='bbox 1043 2300 1078 2350; x_wconf 77' lang='lat'><strong>2⁶</strong></span> 
     </span>
     <span class='ocr_line' id='line_1_21' title="bbox 105 2368 880 2453; baseline 0.006 -20"><span class='ocrx_word' id='word_1_125' title='bbox 105 2368 241 2453; x_wconf 84' lang='lat' dir='ltr'><strong>Omnes,</strong></span> <span class='ocrx_word' id='word_1_126' title='bbox 264 2369 320 2453; x_wconf 89' lang='lat' dir='ltr'><strong>qui</strong></span> <span class='ocrx_word' id='word_1_127' title='bbox 343 2369 482 2453; x_wconf 79' lang='lat' dir='ltr'><strong>fuerant,</strong></span> <span class='ocrx_word' id='word_1_128' title='bbox 505 2374 539 2435; x_wconf 90' lang='lat' dir='ltr'><strong>te</strong></span> <span class='ocrx_word' id='word_1_129' title='bbox 562 2392 749 2437; x_wconf 85' lang='lat' dir='ltr'><strong>numerasse</strong></span> <span class='ocrx_word' id='word_1_130' title='bbox 771 2372 880 2453; x_wconf 80' lang='lat' dir='ltr'><strong>bolos,</strong></span> 
     </span>
     <span class='ocr_line' id='line_1_22' title="bbox 63 2456 852 2543; baseline 0.005 -21"><span class='ocrx_word' id='word_1_131' title='bbox 63 2456 209 2522; x_wconf 78' lang='lat' dir='ltr'><strong>Alternis</strong></span> <span class='ocrx_word' id='word_1_132' title='bbox 232 2458 359 2522; x_wconf 88' lang='lat' dir='ltr'><strong>uicibus</strong></span> <span class='ocrx_word' id='word_1_133' title='bbox 383 2462 464 2542; x_wconf 90' lang='lat' dir='ltr'><strong>quot</strong></span> <span class='ocrx_word' id='word_1_134' title='bbox 485 2459 719 2543; x_wconf 84' lang='lat' dir='ltr'><strong>praecipitante</strong></span> <span class='ocrx_word' id='word_1_135' title='bbox 742 2464 852 2526; x_wconf 89' lang='lat' dir='ltr'><strong>rotatu</strong></span> 
     </span>
     <span class='ocr_line' id='line_1_23' title="bbox 104 2545 826 2631; baseline 0.001 -21"><span class='ocrx_word' id='word_1_136' title='bbox 104 2545 259 2611; x_wconf 84' lang='lat' dir='ltr'><strong>Fundunt</strong></span> <span class='ocrx_word' id='word_1_137' title='bbox 282 2547 378 2610; x_wconf 83' lang='lat' dir='ltr'><strong>excisi</strong></span> <span class='ocrx_word' id='word_1_138' title='bbox 400 2568 459 2630; x_wconf 90' lang='lat' dir='ltr'><strong>per</strong></span> <span class='ocrx_word' id='word_1_139' title='bbox 481 2568 562 2612; x_wconf 86' lang='lat' dir='ltr'><strong>caua</strong></span> <span class='ocrx_word' id='word_1_140' title='bbox 585 2549 671 2612; x_wconf 85' lang='lat' dir='ltr'><strong>buxa</strong></span> <span class='ocrx_word' id='word_1_141' title='bbox 694 2547 826 2631; x_wconf 82' lang='lat' dir='ltr'><strong>gradus:</strong></span> 
     </span>
     <span class='ocr_line' id='line_1_24' title="bbox 62 2632 896 2722; baseline 0.002 -24"><span class='ocrx_word' id='word_1_142' title='bbox 62 2632 260 2700; x_wconf 80' lang='lat' dir='ltr'><strong>Narrantem</strong></span> <span class='ocrx_word' id='word_1_143' title='bbox 284 2634 349 2700; x_wconf 90' lang='lat' dir='ltr'><strong>fido</strong></span> <span class='ocrx_word' id='word_1_144' title='bbox 372 2656 431 2718; x_wconf 91' lang='lat' dir='ltr'><strong>per</strong></span> <span class='ocrx_word' id='word_1_145' title='bbox 453 2635 584 2722; x_wconf 77' lang='lat' dir='ltr'><strong>singula</strong></span> <span class='ocrx_word' id='word_1_146' title='bbox 605 2640 728 2719; x_wconf 87' lang='lat' dir='ltr'><strong>puncta</strong></span> <span class='ocrx_word' id='word_1_147' title='bbox 749 2656 896 2718; x_wconf 89' lang='lat' dir='ltr'><strong>recursu,</strong></span> 
     </span>
     <span class='ocr_line' id='line_1_25' title="bbox 106 2723 1078 2809; baseline 0.003 -22"><span class='ocrx_word' id='word_1_148' title='bbox 106 2723 199 2800; x_wconf 79' lang='lat' dir='ltr'><strong>Quae</strong></span> <span class='ocrx_word' id='word_1_149' title='bbox 223 2723 310 2804; x_wconf 86' lang='lat' dir='ltr'><strong>deta,</strong></span> <span class='ocrx_word' id='word_1_150' title='bbox 336 2743 395 2806; x_wconf 88' lang='lat' dir='ltr'><strong>per</strong></span> <span class='ocrx_word' id='word_1_151' title='bbox 416 2724 531 2809; x_wconf 82' lang='lat' dir='ltr'><strong>longas</strong></span> <span class='ocrx_word' id='word_1_152' title='bbox 555 2745 638 2808; x_wconf 90' lang='lat' dir='ltr'><strong>quae</strong></span> <span class='ocrx_word' id='word_1_153' title='bbox 660 2732 813 2790; x_wconf 87' lang='lat' dir='ltr'><strong>reuocata</strong></span> <span class='ocrx_word' id='word_1_154' title='bbox 834 2746 953 2791; x_wconf 89' lang='lat' dir='ltr'><strong>mores.</strong></span> <span class='ocrx_word' id='word_1_155' title='bbox 1042 2741 1078 2790; x_wconf 78' lang='lat'><strong>30</strong></span> 
     </span>
     <span class='ocr_line' id='line_1_26' title="bbox 64 2809 913 2896; baseline 0.004 -21"><span class='ocrx_word' id='word_1_156' title='bbox 64 2809 165 2876; x_wconf 90' lang='lat' dir='ltr'><strong>Nullo</strong></span> <span class='ocrx_word' id='word_1_157' title='bbox 188 2811 266 2876; x_wconf 87' lang='lat' dir='ltr'><strong>felle</strong></span> <span class='ocrx_word' id='word_1_158' title='bbox 289 2811 352 2876; x_wconf 92' lang='lat' dir='ltr'><strong>tibi</strong></span> <span class='ocrx_word' id='word_1_159' title='bbox 374 2833 465 2877; x_wconf 88' lang='lat' dir='ltr'><strong>mens</strong></span> <span class='ocrx_word' id='word_1_160' title='bbox 489 2813 602 2896; x_wconf 88' lang='lat' dir='ltr'><strong>liuida,</strong></span> <span class='ocrx_word' id='word_1_161' title='bbox 624 2817 696 2877; x_wconf 90' lang='lat' dir='ltr'><strong>tum</strong></span> <span class='ocrx_word' id='word_1_162' title='bbox 719 2814 788 2878; x_wconf 87' lang='lat' dir='ltr'><strong>sale</strong></span> <span class='ocrx_word' id='word_1_163' title='bbox 810 2814 913 2878; x_wconf 87' lang='lat' dir='ltr'><strong>multo</strong></span> 
     </span>
     <span class='ocr_line' id='line_1_27' title="bbox 105 2899 840 2982; baseline 0.004 -19"><span class='ocrx_word' id='word_1_164' title='bbox 105 2899 235 2982; x_wconf 81' lang='lat' dir='ltr'><strong>Lingua</strong></span> <span class='ocrx_word' id='word_1_165' title='bbox 257 2899 349 2964; x_wconf 83' lang='lat' dir='ltr'><strong>dicax</strong></span> <span class='ocrx_word' id='word_1_166' title='bbox 373 2900 500 2965; x_wconf 89' lang='lat' dir='ltr'><strong>blandis</strong></span> <span class='ocrx_word' id='word_1_167' title='bbox 524 2904 561 2966; x_wconf 91' lang='lat' dir='ltr'><strong>et</strong></span> <span class='ocrx_word' id='word_1_168' title='bbox 580 2901 649 2966; x_wconf 92' lang='lat' dir='ltr'><strong>sine</strong></span> <span class='ocrx_word' id='word_1_169' title='bbox 672 2901 729 2966; x_wconf 88' lang='lat' dir='ltr'><strong>lite</strong></span> <span class='ocrx_word' id='word_1_170' title='bbox 752 2902 840 2968; x_wconf 90' lang='lat' dir='ltr'><strong>iocis.</strong></span> 
     </span>
     <span class='ocr_line' id='line_1_28' title="bbox 58 2985 966 3075; baseline 0.004 -24"><span class='ocrx_word' id='word_1_171' title='bbox 58 2985 174 3053; x_wconf 82' lang='lat' dir='ltr'><strong>Mensa</strong></span> <span class='ocrx_word' id='word_1_172' title='bbox 196 2989 319 3070; x_wconf 89' lang='lat' dir='ltr'><strong>nitens,</strong></span> <span class='ocrx_word' id='word_1_173' title='bbox 341 3010 438 3073; x_wconf 86' lang='lat' dir='ltr'><strong>quam</strong></span> <span class='ocrx_word' id='word_1_174' title='bbox 462 3011 528 3055; x_wconf 94' lang='lat' dir='ltr'><strong>non</strong></span> <span class='ocrx_word' id='word_1_175' title='bbox 551 2990 698 3055; x_wconf 90' lang='lat' dir='ltr'><strong>censoria</strong></span> <span class='ocrx_word' id='word_1_176' title='bbox 719 2992 833 3075; x_wconf 84' lang='lat' dir='ltr'><strong>regula</strong></span> <span class='ocrx_word' id='word_1_177' title='bbox 856 2991 966 3074; x_wconf 90' lang='lat' dir='ltr'><strong>culpet</strong></span> 
     </span>
     <span class='ocr_line' id='line_1_29' title="bbox 102 3075 774 3162; baseline 0.004 -21"><span class='ocrx_word' id='word_1_178' title='bbox 102 3075 175 3141; x_wconf 91' lang='lat' dir='ltr'><strong>Nec</strong></span> <span class='ocrx_word' id='word_1_179' title='bbox 199 3077 284 3141; x_wconf 93' lang='lat' dir='ltr'><strong>nolit</strong></span> <span class='ocrx_word' id='word_1_180' title='bbox 305 3075 407 3162; x_wconf 79' lang='lat' dir='ltr'><strong>Frugi</strong></span> <span class='ocrx_word' id='word_1_181' title='bbox 428 3075 505 3143; x_wconf 91' lang='lat' dir='ltr'><strong>Piso</strong></span> <span class='ocrx_word' id='word_1_182' title='bbox 529 3099 646 3143; x_wconf 87' lang='lat' dir='ltr'><strong>nocere</strong></span> <span class='ocrx_word' id='word_1_183' title='bbox 669 3100 774 3144; x_wconf 87' lang='lat' dir='ltr'><strong>suam:</strong></span> 
     </span>
     <span class='ocr_line' id='line_1_30' title="bbox 58 3164 1077 3251; baseline 0.003 -22"><span class='ocrx_word' id='word_1_184' title='bbox 58 3164 314 3249; x_wconf 87' lang='lat' dir='ltr'><strong>Nonnumquam</strong></span> <span class='ocrx_word' id='word_1_185' title='bbox 336 3166 466 3248; x_wconf 89' lang='lat' dir='ltr'><strong>pollens</strong></span> <span class='ocrx_word' id='word_1_186' title='bbox 489 3164 654 3232; x_wconf 87' lang='lat' dir='ltr'><strong>natalibus</strong></span> <span class='ocrx_word' id='word_1_187' title='bbox 678 3171 711 3232; x_wconf 91' lang='lat' dir='ltr'><strong>et</strong></span> <span class='ocrx_word' id='word_1_188' title='bbox 732 3168 815 3251; x_wconf 87' lang='lat' dir='ltr'><strong>dape</strong></span> <span class='ocrx_word' id='word_1_189' title='bbox 837 3166 937 3250; x_wconf 84' lang='lat' dir='ltr'><strong>festa,</strong></span> <span class='ocrx_word' id='word_1_190' title='bbox 1041 3183 1077 3232; x_wconf 80' lang='lat' dir='ltr'><strong>uo</strong></span> 
     </span>
     <span class='ocr_line' id='line_1_31' title="bbox 101 3252 836 3340; baseline 0.001 -22"><span class='ocrx_word' id='word_1_191' title='bbox 101 3252 181 3318; x_wconf 89' lang='lat' dir='ltr'><strong>Non</strong></span> <span class='ocrx_word' id='word_1_192' title='bbox 204 3258 316 3319; x_wconf 88' lang='lat' dir='ltr'><strong>tamen</strong></span> <span class='ocrx_word' id='word_1_193' title='bbox 339 3258 494 3340; x_wconf 79' lang='lat' dir='ltr'><strong>angustas</strong></span> <span class='ocrx_word' id='word_1_194' title='bbox 518 3258 725 3321; x_wconf 85' lang='lat' dir='ltr'><strong>attenuaret</strong></span> <span class='ocrx_word' id='word_1_195' title='bbox 748 3276 836 3340; x_wconf 91' lang='lat' dir='ltr'><strong>opes.</strong></span> 
     </span>
    </p>
   </div>
   <div class='ocr_carea' id='block_1_4' title="bbox 54 3427 1092 3948">
    <p class='ocr_par' dir='ltr' id='par_1_4' title="bbox 54 3427 1079 3786">
     <span class='ocr_line' id='line_1_32' title="bbox 130 3427 1076 3484; baseline 0.002 -3"><span class='ocrx_word' id='word_1_196' title='bbox 130 3427 275 3483; x_wconf 79' lang='lat' dir='ltr'><strong>&#39;lienium</strong></span> <span class='ocrx_word' id='word_1_197' title='bbox 299 3427 339 3483; x_wconf 88' lang='lat' dir='ltr'><strong><em>V¹</em></strong></span> <span class='ocrx_word' id='word_1_198' title='bbox 418 3434 434 3483; x_wconf 87' lang='grc'>9</span> <span class='ocrx_word' id='word_1_199' title='bbox 457 3429 574 3484; x_wconf 89' lang='lat' dir='ltr'><strong>iubenes</strong></span> <span class='ocrx_word' id='word_1_200' title='bbox 592 3429 636 3483; x_wconf 88' lang='lat' dir='ltr'><strong>uis</strong></span> <span class='ocrx_word' id='word_1_201' title='bbox 660 3428 687 3482; x_wconf 89' lang='lat' dir='ltr'><strong><em>V</em></strong></span> <span class='ocrx_word' id='word_1_202' title='bbox 766 3434 798 3482; x_wconf 90' lang='lat'><strong>11</strong></span> <span class='ocrx_word' id='word_1_203' title='bbox 824 3428 912 3484; x_wconf 85' lang='lat' dir='ltr'><strong>sileno</strong></span> <span class='ocrx_word' id='word_1_204' title='bbox 937 3429 963 3482; x_wconf 91' lang='lat' dir='ltr'><em>V</em></span> <span class='ocrx_word' id='word_1_205' title='bbox 1043 3434 1076 3484; x_wconf 81' lang='lat'><strong>18</strong></span> 
     </span>
     <span class='ocr_line' id='line_1_33' title="bbox 54 3498 1077 3570; baseline 0.001 -17"><span class='ocrx_word' id='word_1_206' title='bbox 54 3498 236 3570; x_wconf 78' lang='lat' dir='ltr'><strong>panegiricos</strong></span> <span class='ocrx_word' id='word_1_207' title='bbox 254 3515 281 3568; x_wconf 90' lang='lat' dir='ltr'><strong>p.</strong></span> <span class='ocrx_word' id='word_1_208' title='bbox 301 3514 324 3552; x_wconf 92' lang='lat' dir='ltr'><strong>c.</strong></span> <span class='ocrx_word' id='word_1_209' title='bbox 344 3498 430 3555; x_wconf 77' lang='lat' dir='ltr'><strong>libros</strong></span> <span class='ocrx_word' id='word_1_210' title='bbox 452 3499 480 3553; x_wconf 92' lang='lat' dir='ltr'><strong><em>V</em></strong></span> <span class='ocrx_word' id='word_1_211' title='bbox 494 3517 563 3556; x_wconf 85' lang='lat' dir='ltr'><strong>corr.</strong></span> <span class='ocrx_word' id='word_1_212' title='bbox 585 3501 646 3555; x_wconf 80' lang='lat' dir='ltr'><strong>Tell</strong></span> <span class='ocrx_word' id='word_1_213' title='bbox 709 3504 742 3553; x_wconf 81' lang='lat'><strong>14</strong></span> <span class='ocrx_word' id='word_1_214' title='bbox 760 3499 849 3555; x_wconf 87' lang='lat' dir='ltr'><strong>lineet</strong></span> <span class='ocrx_word' id='word_1_215' title='bbox 872 3500 909 3553; x_wconf 92' lang='lat' dir='ltr'><strong><em>V¹</em></strong></span> <span class='ocrx_word' id='word_1_216' title='bbox 924 3501 929 3569; x_wconf 75' lang='lat' dir='ltr'><strong>l</strong></span> <span class='ocrx_word' id='word_1_217' title='bbox 945 3499 1077 3556; x_wconf 84' lang='lat' dir='ltr'><strong>euolbere</strong></span> 
     </span>
     <span class='ocr_line' id='line_1_34' title="bbox 61 3586 1079 3657; baseline 0.001 -18"><span class='ocrx_word' id='word_1_218' title='bbox 61 3586 90 3639; x_wconf 89' lang='lat' dir='ltr'><strong><em>V</em></strong></span> <span class='ocrx_word' id='word_1_219' title='bbox 176 3592 210 3641; x_wconf 75' lang='lat'><strong>15</strong></span> <span class='ocrx_word' id='word_1_220' title='bbox 229 3586 353 3657; x_wconf 68' lang='lat' dir='ltr'><strong>ancipite</strong></span> <span class='ocrx_word' id='word_1_221' title='bbox 373 3591 398 3654; x_wconf 63' lang='lat' dir='ltr'><strong>(a</strong></span> <span class='ocrx_word' id='word_1_222' title='bbox 419 3589 476 3655; x_wconf 70' lang='lat' dir='ltr'><strong>all)</strong></span> <span class='ocrx_word' id='word_1_223' title='bbox 498 3586 525 3641; x_wconf 88' lang='lat' dir='ltr'><strong><em>V</em></strong></span> <span class='ocrx_word' id='word_1_224' title='bbox 551 3590 555 3655; x_wconf 73' lang='grc' dir='ltr'>ι</span> <span class='ocrx_word' id='word_1_225' title='bbox 585 3589 651 3644; x_wconf 90' lang='lat' dir='ltr'><strong>anet</strong></span> <span class='ocrx_word' id='word_1_226' title='bbox 674 3587 711 3640; x_wconf 85' lang='lat' dir='ltr'><strong><em>V¹</em></strong></span> <span class='ocrx_word' id='word_1_227' title='bbox 733 3588 821 3644; x_wconf 83' lang='lat' dir='ltr'><strong>habet</strong></span> <span class='ocrx_word' id='word_1_228' title='bbox 844 3588 881 3642; x_wconf 80' lang='lat' dir='ltr'><strong><em>V²</em></strong></span> <span class='ocrx_word' id='word_1_229' title='bbox 973 3594 1005 3643; x_wconf 87' lang='grc'><strong>19</strong></span> <span class='ocrx_word' id='word_1_230' title='bbox 1033 3589 1079 3642; x_wconf 87' lang='lat' dir='ltr'><strong>ter</strong></span> 
     </span>
     <span class='ocr_line' id='line_1_35' title="bbox 55 3657 1009 3730; baseline 0.001 -18"><span class='ocrx_word' id='word_1_231' title='bbox 55 3657 191 3729; x_wconf 69' lang='lat' dir='ltr'><strong>Laodicea</strong></span> <span class='ocrx_word' id='word_1_232' title='bbox 211 3659 241 3712; x_wconf 90' lang='lat' dir='ltr'><strong>te</strong></span> <span class='ocrx_word' id='word_1_233' title='bbox 265 3657 292 3710; x_wconf 87' lang='lat' dir='ltr'><strong><em>V</em></strong></span> <span class='ocrx_word' id='word_1_234' title='bbox 369 3659 526 3713; x_wconf 69' lang='lat' dir='ltr'><strong>decaedat</strong></span> <span class='ocrx_word' id='word_1_235' title='bbox 549 3659 575 3713; x_wconf 90' lang='lat' dir='ltr'><strong><em>V</em></strong></span> <span class='ocrx_word' id='word_1_236' title='bbox 653 3665 687 3714; x_wconf 78' lang='lat'><strong>23</strong></span> <span class='ocrx_word' id='word_1_237' title='bbox 709 3662 742 3714; x_wconf 93' lang='lat' dir='ltr'><strong>nt</strong></span> <span class='ocrx_word' id='word_1_238' title='bbox 759 3659 890 3730; x_wconf 64' lang='lat' dir='ltr'><strong>Incedere.</strong></span> <span class='ocrx_word' id='word_1_239' title='bbox 910 3662 960 3715; x_wconf 88' lang='lat' dir='ltr'><strong>aut</strong></span> <span class='ocrx_word' id='word_1_240' title='bbox 982 3657 1009 3713; x_wconf 90' lang='lat' dir='ltr'><strong><em>V</em></strong></span> 
     </span>
     <span class='ocr_line' id='line_1_36' title="bbox 56 3728 1078 3786; baseline 0.002 -4"><span class='ocrx_word' id='word_1_241' title='bbox 56 3734 91 3782; x_wconf 74' lang='lat'><strong>26</strong></span> <span class='ocrx_word' id='word_1_242' title='bbox 110 3731 141 3783; x_wconf 92' lang='lat' dir='ltr'><strong>te</strong></span> <span class='ocrx_word' id='word_1_243' title='bbox 156 3745 319 3784; x_wconf 86' lang='lat' dir='ltr'><strong>numerasse</strong></span> <span class='ocrx_word' id='word_1_244' title='bbox 332 3729 474 3786; x_wconf 72' lang='lat' dir='ltr'><strong>Baehrens</strong></span> <span class='ocrx_word' id='word_1_245' title='bbox 488 3745 663 3785; x_wconf 89' lang='lat' dir='ltr'><strong>enumerasse</strong></span> <span class='ocrx_word' id='word_1_246' title='bbox 677 3728 704 3782; x_wconf 95' lang='lat' dir='ltr'><strong><em>V</em></strong></span> <span class='ocrx_word' id='word_1_247' title='bbox 713 3732 743 3785; x_wconf 90' lang='lat' dir='ltr'><strong>te</strong></span> <span class='ocrx_word' id='word_1_248' title='bbox 758 3745 934 3785; x_wconf 82' lang='lat' dir='ltr'><strong>enumerasse</strong></span> <span class='ocrx_word' id='word_1_249' title='bbox 947 3728 1078 3785; x_wconf 77' lang='lat' dir='ltr'><strong>Brondce</strong></span> 
     </span>
    </p>

    <p class='ocr_par' dir='ltr' id='par_1_5' title="bbox 54 3799 1092 3948">
     <span class='ocr_line' id='line_1_37' title="bbox 92 3799 1079 3873; baseline 0.001 -20"><span class='ocrx_word' id='word_1_250' title='bbox 92 3805 129 3853; x_wconf 73' lang='lat'><strong>27</strong></span> <span class='ocrx_word' id='word_1_251' title='bbox 149 3802 220 3869; x_wconf 87' lang='lat' dir='ltr'><strong>quot</strong></span> <span class='ocrx_word' id='word_1_252' title='bbox 237 3800 379 3856; x_wconf 76' lang='lat' dir='ltr'><strong>Baehrens</strong></span> <span class='ocrx_word' id='word_1_253' title='bbox 398 3816 468 3870; x_wconf 89' lang='lat' dir='ltr'><strong>quos</strong></span> <span class='ocrx_word' id='word_1_254' title='bbox 487 3801 619 3871; x_wconf 66' lang='lat' dir='ltr'><strong>Lupdsm.</strong></span> <span class='ocrx_word' id='word_1_255' title='bbox 638 3816 692 3869; x_wconf 90' lang='lat' dir='ltr'><strong>quo</strong></span> <span class='ocrx_word' id='word_1_256' title='bbox 713 3801 740 3854; x_wconf 97' lang='lat' dir='ltr'><strong><em>V</em></strong></span> <span class='ocrx_word' id='word_1_257' title='bbox 762 3805 766 3873; x_wconf 84' lang='grc' dir='ltr'>Ι</span> <span class='ocrx_word' id='word_1_258' title='bbox 791 3799 977 3873; x_wconf 68' lang='lat' dir='ltr'><strong>praecipitate</strong></span> <span class='ocrx_word' id='word_1_259' title='bbox 997 3801 1028 3870; x_wconf 75' lang='lat' dir='ltr'><strong>(a</strong></span> <span class='ocrx_word' id='word_1_260' title='bbox 1043 3814 1079 3855; x_wconf 74' lang='lat' dir='ltr'><strong>ex</strong></span> 
     </span>
     <span class='ocr_line' id='line_1_38' title="bbox 54 3869 1092 3948; baseline 0.004 -24"><span class='ocrx_word' id='word_1_261' title='bbox 54 3874 82 3940; x_wconf 86' lang='lat' dir='ltr'><strong>e)</strong></span> <span class='ocrx_word' id='word_1_262' title='bbox 104 3870 132 3924; x_wconf 89' lang='lat' dir='ltr'><strong><em>V</em></strong></span> <span class='ocrx_word' id='word_1_263' title='bbox 180 3877 215 3925; x_wconf 77' lang='grc'><strong>13</strong></span> <span class='ocrx_word' id='word_1_264' title='bbox 235 3869 334 3940; x_wconf 82' lang='lat' dir='ltr'><strong>culpat</strong></span> <span class='ocrx_word' id='word_1_265' title='bbox 356 3871 383 3924; x_wconf 88' lang='lat' dir='ltr'><strong><em>V</em></strong></span> <span class='ocrx_word' id='word_1_266' title='bbox 396 3888 464 3927; x_wconf 84' lang='lat' dir='ltr'><strong>corr.</strong></span> <span class='ocrx_word' id='word_1_267' title='bbox 483 3871 609 3943; x_wconf 68' lang='lat' dir='ltr'><strong>Scaliqer</strong></span> <span class='ocrx_word' id='word_1_268' title='bbox 664 3878 699 3931; x_wconf 79' lang='lat'><strong>36</strong></span> <span class='ocrx_word' id='word_1_269' title='bbox 718 3875 838 3948; x_wconf 71' lang='lat' dir='ltr'><strong>agnetae</strong></span> <span class='ocrx_word' id='word_1_270' title='bbox 857 3890 930 3934; x_wconf 76' lang='lat' dir='ltr'><strong>corr.</strong></span> <span class='ocrx_word' id='word_1_271' title='bbox 950 3871 1092 3948; x_wconf 60' lang='lat' dir='ltr'><strong>Incedun-</strong></span> 
     </span>
    </p>
   </div>
   <div class='ocr_carea' id='block_1_5' title="bbox 101 3967 933 4025">
    <p class='ocr_par' dir='ltr' id='par_1_6' title="bbox 101 3967 933 4025">
     <span class='ocr_line' id='line_1_39' title="bbox 101 3967 933 4025; baseline 0.001 -21"><span class='ocrx_word' id='word_1_272' title='bbox 101 3967 232 4004; x_wconf 73' lang='lat' dir='ltr'><strong>Anomt.</strong></span> <span class='ocrx_word' id='word_1_273' title='bbox 912 3974 933 4025; x_wconf 51' lang='grc' dir='ltr'><strong>Α</strong></span> 
     </span>
    </p>
   </div>
   <div class='ocr_carea' id='block_1_6' title="bbox 0 0 1224 4274">
    <p class='ocr_par' dir='ltr' id='par_1_7' title="bbox 0 0 1224 4274">
     <span class='ocr_line' id='line_1_40' title="bbox 0 0 1224 4274; baseline 0 0"><span class='ocrx_word' id='word_1_274' title='bbox 0 0 1224 4274; x_wconf 95' lang='lat' dir='ltr'><strong> </strong></span> 
     </span>
    </p>
   </div>
  </div>
 </body>
</html>
