2430 4274
568 1198 692 1264 XVIII.

399 1359 870 1435 EPISTVLARVM

568 1523 700 1582 LIBER.

71 1677 233 1782 ¹¹1⁸llll⁰¹²¹
241 1677 284 1727 ΕΡ·
429 1707 654 1764 smuaouvs
671 1707 841 1764 Avsoaio.

214 1819 339 1884 Merum
363 1818 444 1883 mihi
463 1818 617 1903 gaudium
636 1818 829 1884 cruditionis
848 1822 924 1882 tuuc
943 1817 1066 1902 scriptu
1083 1818 1139 1883 tri-

124 1909 275 1991 buerunt,
298 1928 379 1992 quac
403 1905 534 1991 Capuae
557 1907 683 1972 locatus
708 1907 825 1991 accepi.
867 1910 938 1972 orat
961 1907 1081 1991 quippe
1105 1907 1139 1970 in

124 1995 176 2060 his
204 1996 307 2062 oblita
332 1995 484 2060 Tulliano
512 1995 609 2059 mcllc
636 1995 799 2060 festiditas
827 2003 859 2059 et
887 1995 1047 2060 sermonis
1075 1995 1139 2059 mei

124 2106 190 2149 non
221 2088 290 2148 tam
323 2105 414 2165 uera,
446 2105 543 2167 quam
573 2083 694 2149 blanda
725 2084 879 2150 laudatio.
930 2082 1007 2168 quid
1038 2082 1142 2168 igitur

89 2173 230 2258 {imagis
254 2173 363 2255 miror,
389 2170 568 2237 sententiae
591 2171 735 2253 incertus
758 2171 927 2256 addubito,
950 2177 1141 2237 ornamenta

125 2262 191 2326 oris
220 2282 261 2325 un
288 2260 428 2345 pectoris
451 2261 509 2324 tui.
546 2260 663 2343 quippe
686 2261 733 2325 ita
755 2260 906 2326 facundia
929 2261 1069 2325 antistas
1093 2281 1141 2324 cc

124 2350 218 2433 teria,
249 2354 286 2414 ut
318 2348 363 2413 sit
393 2347 533 2413 formido
564 2349 753 2432 rescriber03
785 2350 833 2414 ita
859 2349 998 2434 benigne
1026 2352 1141 2413 nostra

125 2438 317 2522 conprobas,
340 2442 377 2501 ut
399 2438 501 2502 libeat
522 2458 590 2502 non
612 2441 730 2502 tacere.
776 2438 803 2502 si
826 2438 921 2521 plura
939 2437 977 2501 de
996 2441 1030 2501 tc
1047 2458 1141 2520 prae·

125 2525 238 2609 dicem,
261 2525 396 2591 uidebor
421 2530 569 2590 mutuum
593 2526 724 2591 scabere
748 2531 780 2590 et
802 2527 906 2611 magis
926 2526 1074 2590 imitator
1091 2525 1141 2589 tui

74 2632 106 2681 ιο
125 2636 196 2681 esse
223 2614 367 2698 adloquii
390 2637 487 2698 quam
511 2614 676 2698 probator.
720 2614 817 2681 simul
846 2613 931 2698 quod
958 2614 1029 2697 ipse
1054 2613 1140 2677 nihil

125 2703 311 2769 ostentandi
340 2704 449 2787 gratia
478 2703 572 2786 facis,
599 2703 774 2768 uerendum
801 2709 851 2768 est
877 2703 1018 2788 genuina
1044 2701 1079 2765 in
1107 2707 1141 2766 to

195 2875 308 2947 [l-IlI:
328 2891 392 2928 oa
406 2874 562 2946 Symmachi
580 2876 658 2931 libri:
681 2877 709 2931 R
723 2902 757 2922 =
774 2878 934 2944 Palatinus,
952 2877 983 2930 F
994 2902 1029 2921 =
1044 2874 1140 2930 Ploci-

124 2948 237 3017 lapsam
256 2947 359 3001 accedit
373 2946 536 3015 aliquotiens
556 2950 581 3000 Γ
593 2972 627 2991 ι-
643 2947 781 3017 Giphonii
793 2949 885 3015 codex,
901 2951 925 3001 Φ
938 2973 972 2993 =
987 2946 1141 3001 Fuldenuia

105 3015 428 3158 'ssfflffygluionm’
462 3016 499 3070 M
518 3041 552 3062 =
575 3017 847 3087 Moutcpeaaulanw;
879 3039 897 3071 α
922 3045 956 3063 =
979 3018 1141 3073 Ammiani

22 3160 110 3228 Vno
194 3158 207 3210 1
243 3163 365 3212 slmacua
392 3158 508 3212 ausonio
537 3158 564 3211 V
606 3161 782 3227 symmachus
805 3165 855 3215 auu
880 3159 911 3212 F
953 3153 1035 3229 Epl'a
1062 3175 1139 3226 sym-

122 3225 217 3283 machi
238 3228 274 3282 ad
293 3227 439 3282 ausonium
457 3229 486 3283 P
518 3245 568 3284 om.
587 3230 616 3284 R
690 3238 703 3283 1
723 3249 830 3305 mptum
850 3231 907 3286 VR
925 3246 1022 3285 uerum
1044 3229 1143 3284 PHF

125 3301 129 3371 l
149 3298 216 3353 mici
237 3299 264 3352 V
285 3301 289 3368 1
314 3299 448 3369 gaudium
472 3298 542 3353 mihi
560 3316 577 3353 c
592 3305 596 3365 1
612 3303 643 3354 tu
662 3317 692 3354 es
711 3302 801 3372 cripta
825 3302 860 3356 V¹
880 3304 906 3374 (p
926 3303 973 3365 al.)
1045 3301 1140 3355 8moi

122 3385 179 3424 non
201 3371 273 3441 tam]
299 3370 355 3424 mci
378 3371 449 3425 meri
472 3387 527 3425 non
550 3372 660 3424 tantmn
679 3373 708 3427 P
776 3380 793 3427 4
823 3369 935 3442 liquid
954 3373 982 3426 P
1051 3377 1068 3425 5
1094 3372 1141 3426 in-

123 3441 227 3512 certus]
250 3440 342 3496 uictus
363 3440 403 3494 P·
424 3447 429 3508 ι
453 3442 483 3495 id
497 3440 596 3495 dubito
613 3441 659 3512 ΡΙ
674 3443 760 3499 uerba
777 3444 901 3499 incertus
917 3443 1022 3497 —orio
1037 3459 1082 3512 pr.
1102 3460 1139 3499 m.

122 3512 154 3566 in
176 3528 243 3579 roc,
270 3530 307 3567 an
325 3513 420 3567 -ita
441 3514 515 3566 inter
537 3513 638 3579 lineas,
665 3516 742 3570 uocis
764 3514 897 3570 facundia
920 3516 972 3568 litt.
991 3514 1021 3568 la
1043 3516 1141 3569 uacui

118 3584 258 3651 praefica,
276 3583 395 3638 formido
409 3613 444 3624 -
459 3583 614 3652 conprobaa
633 3585 665 3638 in
682 3587 813 3652 inferiore
831 3604 926 3656 moro,
945 3588 1037 3654 (cuper
1055 3586 1087 3637 ut
1102 3586 1141 3640 ait

124 3659 189 3709 nota
207 3653 257 3720 dh)
281 3655 308 3708 V
371 3656 500 3709 dahctaa
521 3654 549 3706 P
612 3657 765 3725 'lucnignc
788 3656 822 3710 V¹
885 3654 1076 3726 Soonprobas
1114 3656 1144 3711 V

200 3726 308 3778 mutum
333 3725 369 3777 V¹
393 3726 399 3794 Ι
423 3725 537 3779 scabere
560 3723 664 3780 V¹PF
689 3725 814 3796 sculpere
837 3727 873 3780 V‘
901 3727 1023 3782 scribere
1040 3726 1069 3782 R
1134 3728 1139 3790 l

120 3794 250 3851 imitator
269 3796 298 3850 P
312 3799 317 3864 Ι
332 3796 433 3850 tuiuoc
457 3796 484 3850 V
499 3810 559 3849 enac
577 3812 664 3852 ωηο
737 3805 771 3854 10
789 3797 906 3867 alloquii
925 3799 991 3853 libri
1006 3801 1011 3866 l
1026 3797 1095 3852 nicil
1114 3798 1144 3853 V

121 3864 209 3921 nichil
227 3867 256 3922 P
327 3873 358 3921 11
380 3867 412 3922 in
429 3883 515 3938 morp.
535 3866 586 3922 ot:
606 3868 888 3941 (gc)nuilnalnfturala
909 3869 936 3924 V
