2430 4274
366 9 1207 304 m

532 521 749 585 „94-

80 713 114 752 VI
130 711 428 763 [865A.Edylbxvm1s.]
542 703 559 739 *
604 704 622 738 ιιι
667 702 685 739 ιιι

133 801 294 885 Tempora
318 821 399 886 quae
424 799 554 867 Stilbon
577 802 703 885 uoluat,
726 823 808 886 quae
832 802 961 867 saecula
982 802 1149 890 Phaenea,

134 889 223 967 Quos
247 889 361 973 Pyrois
383 889 516 973 babeat,
540 911 620 975 quos
643 889 790 974 Iuppiter
813 891 890 975 igne
913 891 1058 978 benigno

134 976 310 1060 Circuitus,
334 978 424 1062 quali
446 981 598 1063 properet
621 978 733 1044 Venus
756 980 842 1043 alma
865 1001 1010 1064 recursu,

134 1066 196 1143 Qui
220 1066 388 1151 Phoeben,
410 1067 525 1151 quanli
548 1071 704 1132 maneant
727 1067 847 1132 Titana
868 1068 1010 1147 labores,

133 1155 244 1220 Donec
266 1161 473 1239 consumpto,
495 1175 633 1240 magnus
658 1158 713 1240 qui
737 1157 867 1239 dieitur,
890 1177 989 1240 anno,
1131 1174 1147 1222 o

134 1243 258 1309 Rursus
280 1244 316 1307 in
339 1244 481 1307 anticum
504 1243 636 1308 ueniant
659 1263 746 1329 uaga
770 1245 877 1310 sidera
899 1266 1042 1331 eursum,

133 1331 249 1408 Qualia
272 1331 422 1415 dispositi
446 1335 605 1396 steterunt
627 1332 668 1396 ab
692 1333 817 1418 origine
840 1333 960 1398 mundi.

79 1577 125 1617 v11
140 1577 189 1627 [aaa
201 1577 253 1618 nor.
265 1577 282 1627 ι]
442 1557 491 1613 Du
508 1556 672 1614 RATIONE
691 1557 834 1614 LIBRAE.

132 1683 261 1749 Miraris
286 1685 478 1772 quicumque
501 1707 632 1750 manere
655 1685 800 1771 ingentia
823 1685 935 1750 mundi

133 1771 291 1857 Corpora,
315 1774 445 1838 sublimi
469 1774 549 1839 eaeli
573 1774 772 1839 circumdala
795 1793 889 1858 gyro,

132 1861 177 1926 nt
199 1867 311 1927 tantae
334 1863 459 1927 nullam
484 1863 562 1928 moli
584 1862 782 1929 intercedere
804 1863 925 1945 labem,

133 1951 266 2034 Aeeipe,
289 1951 375 2035 quod
399 1952 514 2015 mirere
538 1952 652 2036 magis.
689 1951 880 2016 tenuissima
902 1951 1006 2016 tantis

132 2035 297 2122 Principia
320 2043 353 2102 el
374 2042 505 2103 nostros
528 2060 593 2104 non
616 2040 824 2104 admittentia
846 2041 936 2105 uisus
1129 2058 1145 2105 e

131 2124 312 2190 Paruarum
337 2127 418 2191 serie
442 2131 594 2191 constant
616 2149 738 2193 conexa
761 2130 957 2209 atomorum3

132 2212 189 2278 Sel
212 2214 351 2280 solidum
374 2216 409 2279 in
431 2216 543 2300 paruis
566 2216 712 2301 nullique
736 2217 876 2282 secabile
901 2237 1043 2301 segmen.

131 2301 225 2368 Vnde
248 2303 344 2388 uigor
365 2304 516 2388 uiresque
539 2310 673 2370 manent
697 2308 892 2390 aeternaque
915 2325 1023 2370 rerum

130 2390 300 2458 Mobilitas
323 2392 478 2478 nulloque
502 2414 656 2476 umquam
679 2393 871 2478 superabilis
895 2414 984 2458 aeuo.

131 2479 261 2546 Diuinis
284 2481 428 2547 humana
449 2481 527 2546 lieet
550 2503 740 2565 conponere.
777 2482 824 2547 sie
848 2487 896 2546 est
1112 2498 1144 2546 10

132 2573 178 2634 As
202 2570 337 2656 solidus,
361 2572 515 2654 quoniam
538 2570 588 2634 bis
612 2593 668 2634 sex
692 2570 731 2635 de
754 2570 903 2654 partibus
927 2571 1039 2654 aequis

131 2656 270 2723 Consbat
294 2663 326 2723 et
348 2659 381 2723 in
406 2659 551 2723 minimis
574 2659 707 2742 paribus
730 2664 840 2724 tamen
863 2681 928 2724 una
951 2663 1061 2724 manet
1084 2659 1145 2724 uis.

130 2744 215 2810 Nam
240 2747 267 2810 ei
292 2747 368 2831 quid
390 2769 525 2812 numero
549 2748 726 2829 minuatur,
750 2769 877 2812 summa
899 2748 1034 2812 uaeillal

131 2832 377 2919 Oonuulsaeque
400 2841 499 2900 ruunt
519 2836 681 2902 labefacto
706 2857 839 2919 eorpore
862 2841 981 2921 partes.

130 2919 189 3004 Vl,
212 2921 354 2986 medium
378 2924 406 2986 si
430 2924 501 3007 quis
524 2924 627 2989 uellab
650 2925 688 2988 de
711 2924 834 2990 fornice
859 2946 985 3002 saxum,
1109 2939 1143 2988 15

84 3152 111 3204 V
200 3148 239 3202 VI
259 3151 291 3204 in
309 3165 365 3204 uno
384 3150 411 3204 V
426 3151 525 3220 leuiter
545 3154 721 3207 coniunctum
738 3169 799 3208 eum
816 3151 963 3207 Hesiode'o:
982 3166 1092 3206 cannen
1110 3152 1144 3205 de

127 3222 248 3290 planetes
266 3222 300 3276 ab
319 3221 453 3277 Hesiodio
471 3223 605 3289 alienum,
628 3225 708 3278 cuiae
726 3225 807 3292 prior
825 3239 896 3291 pars
919 3222 1063 3288 excidmt,
1090 3237 1144 3276 ease

129 3327 244 3382 Schenkl
261 3328 463 3397 suspicabatur.
542 3335 555 3382 1
576 3307 595 3397 ἃ
614 3328 679 3385 etilo
697 3327 828 3384 inuoluat
846 3329 873 3383 V
888 3344 957 3384 corr.
969 3327 1122 3384 nouarum

130 3397 224 3453 secula
246 3397 274 3453 V
291 3404 295 3465 Ι
315 3398 436 3471 phaeben
454 3401 480 3468 (b
497 3415 530 3454 eor
548 3406 600 3466 n?)
626 3400 652 3454 V
667 3415 735 3456 eorr.
759 3399 873 3456 Vinctus
945 3396 1069 3469 opimis
1092 3397 1120 3453 V

129 3468 202 3538 quod
226 3469 253 3523 V
268 3486 337 3526 corr.
356 3473 506 3526 Aesareius
525 3476 595 3539 quot
613 3471 748 3525 Heinsius
808 3477 824 3525 3
844 3487 923 3525 arma
946 3468 982 3524 V¹
1042 3477 1058 3524 5
1079 3487 1144 3526 eon·

129 3543 219 3594 sumto
243 3540 269 3592 V
338 3543 489 3595 ssbeniant
512 3541 539 3595 V
601 3540 766 3610 'ldieposili
789 3542 816 3596 V
832 3539 969 3611 disposita
986 3541 1031 3596 uel
1049 3540 1143 3610 dispo·

128 3611 184 3665 situ
202 3611 350 3667 Bueolaeler
365 3615 370 3681 Ι
386 3615 524 3667 steterant
547 3612 574 3666 V
589 3628 658 3667 eurr.
672 3613 815 3668 Baehrens

82 3738 110 3791 V
201 3736 252 3788 VII
271 3743 286 3790 2
302 3735 363 3806 giro
378 3735 405 3789 V
457 3737 579 3790 VsetV¹
634 3735 738 3791 suites
752 3713 816 3806 uir}
835 3735 899 3805 (ires
912 3711 978 3806 uirg⁰
991 3737 1023 3790 in
1036 3735 1146 3804 rus.)V

128 3824 196 3862 eurr.
213 3808 314 3862 Cantor
369 3812 402 3860 10
420 3807 523 3861 dibinis
547 3808 574 3861 V
633 3813 665 3861 11
686 3807 745 3877 sex]
764 3825 777 3861 a
795 3824 829 3862 m.
848 3823 898 3862 aee.
918 3806 945 3861 V
1003 3811 1035 3860 13
1054 3806 1143 3861 uaeil·

128 3879 168 3933 let
187 3878 214 3932 V
230 3895 298 3934 eurr.
309 3879 440 3948 Laudem.
458 3882 461 3947 Ι
478 3877 614 3933 uacillenl
628 3909 661 3918 —
677 3879 761 3933 ruanb
775 3878 911 3934 Heinsius
965 3883 999 3932 14
1016 3880 1101 3932 ruunt
1119 3877 1147 3932 V
