2430 4274
531 564 568 576 —
617 529 769 594 204-

139 690 241 767 Quem
265 690 413 775 Rhodos,
435 690 578 755 Actaeae
601 710 696 773 quem
720 686 881 753 dilexistis
893 685 1056 752 ‚Athenae

138 779 183 844 Et
206 800 302 865 quem
325 779 364 844 de
388 779 515 845 scaenis
538 778 655 843 tetrica
678 777 719 842 ad
742 776 897 842 subsellia
918 776 1021 840 traxit

138 867 240 933 Prosa
263 867 376 952 Asiae,
398 868 433 932 in
456 868 563 932 causis
586 887 739 932 numeros
762 866 892 930 imitata
914 865 1100 930 chororum.

140 955 290 1040 Orpheos
299 957 374 1022 hinc
384 956 540 1039 tripodes,
550 956 628 1040 quia
638 959 715 1020 sunt
723 955 905 1035 triazterra,
913 954 1153 1038 aqua,flamma

140 1045 275 1129 Triplex
298 1045 458 1111 sideribus
481 1044 623 1128 positus,
646 1044 816 1127 distantia,
837 1041 953 1107 forma.
1118 1058 1151 1108 ‘lo

138 1133 186 1198 Et
208 1135 322 1200 modus
347 1140 380 1199 et
394 1134 549 1218 ¹genetrix
572 1133 774 1198 modulorum
799 1132 924 1196 musica
946 1131 1082 1215 triplex:

139 1221 243 1288 Mixta
265 1223 372 1307 libris,
395 1227 520 1288 secrete
543 1222 655 1305 astris,
677 1222 813 1306 uulgata
835 1221 983 1285 theatris.

139 1310 261 1376 Martia
283 1311 389 1376 Roma
410 1312 545 1394 triplex:
570 1311 728 1396 equitatu,
751 1309 859 1394 plebe,
883 1312 1008 1373 senatu.

139 1398 212 1465 Hoc
234 1421 368 1465 numero
392 1399 498 1465 tribus
521 1403 555 1464 et
577 1421 670 1464 sacro
693 1399 733 1464 de
756 1403 865 1464 monte
888 1397 1022 1463 tribuni.

140 1487 222 1553 Tres
245 1488 391 1573 equitum
414 1493 553 1571 turmae,
577 1489 642 1554 tria
663 1488 797 1553 nomina
819 1487 1026 1552 nobiliorum.
1121 1501 1153 1550 80

139 1574 284 1642 Nomine
306 1582 383 1643 sunt
405 1577 535 1642 chordis
557 1577 635 1660 tria,
659 1579 735 1641 sunt
757 1577 822 1641 tria
843 1576 978 1640 nomina
1000 1575 1115 1639 mensi.

141 1664 305 1750 Geryones
329 1666 489 1751 triplices,
511 1666 632 1749 triplex
655 1685 803 1748 conpago
826 1661 1026 1729 Chimaerae.

141 1752 252 1838 Scylla
273 1754 407 1838 triplex,
430 1754 605 1820 commissa
627 1754 745 1818 tribus:
770 1774 863 1835 cans,
886 1752 1026 1837 uirgine,
1049 1751 1144 1834 pisce.

140 1840 310 1927 Gorgones
332 1842 603 1927 Harpalycaeque
627 1846 661 1907 et
682 1841 821 1925 Erinyes
846 1841 976 1924 agmine
998 1845 1093 1905 terno

140 1929 186 1995 Et
208 1932 269 1996 tris
293 1931 460 2014 fatidicae,
482 1952 602 1997 nomen
625 1927 990 2014 commune,·Sibyllae,
1121 1943 1152 1992 so

141 2017 286 2094 Quarum
309 2021 482 2104 tergemini
506 2019 621 2084 fatalia
644 2021 788 2084 carmina
811 2018 901 2101 libri,

141 2105 230 2182 Quos
253 2112 303 2172 ter
326 2109 499 2192 quinorum
523 2112 634 2172 seruat
656 2109 784 2173 cultura
805 2109 959 2172 uirorum.

213 2375 248 2424 85
266 2385 369 2425 nomen
388 2386 547 2426 commune:
567 2369 656 2425 Varro
675 2387 720 2440 ap.
739 2370 868 2425 Lactant.
886 2368 953 2423 Inst
973 2368 985 2421 Ι
1005 2375 1031 2436 6,
1051 2375 1066 2423 7

213 2447 247 2496 86
263 2459 303 2511 sq.
323 2441 394 2499 Gell.
413 2441 427 2496 1
446 2448 487 2497 19.

214 2697 246 2745 71
267 2693 349 2745 actea
367 2690 394 2744 V
410 2692 534 2746 actoret
589 2695 622 2745 72
637 2696 701 2758 post
720 2692 787 2744 '132
843 2694 875 2742 72
895 2703 979 2756 qnam
996 2686 1056 2740 VP
1073 2703 1154 2756 quem

143 2762 188 2827 ΖΙ
204 2762 239 2815 de
257 2762 348 2816 scenis
364 2763 390 2814 Z
407 2761 516 2829 (scaenis
537 2760 562 2815 G
582 2760 690 2815 scoenis
708 2765 743 2827 7),
762 2760 923 2815 discernens
942 2758 1001 2814 VP
1017 2760 1046 2827 (n
1064 2774 1099 2812 ss.
1119 2759 1153 2812 ol.

147 2831 185 2896 V)
211 2834 216 2897 1
245 2831 367 2886 sabellis
391 2832 424 2882 V'
498 2838 531 2886 73
551 2848 650 2901 prorsa
669 2832 697 2885 P
724 2832 728 2902 Ι
758 2830 828 2885 asiei
847 2832 878 2885 ia
900 2829 927 2883 V
952 2831 1011 2883 asia
1030 2829 1076 2883 ein
1096 2830 1124 2883 P
1149 2829 1154 2898 1

137 2899 253 2955 imitata
272 2901 319 2970 Pl
336 2918 460 2955 cocorum
476 2902 521 2957 Pa
594 2909 627 2956 74
646 2904 764 2971 0¹phens
784 2903 809 2955 V
826 2902 948 2971 orpheus
966 2902 991 2954 Z
1009 2901 1091 2967 (corr.
1110 2899 1156 2954 Vi·

141 2972 230 3040 naus)
247 2971 252 3042 l
267 2971 344 3043 hinc]
361 2970 374 3025 i
393 2971 606 3040 GlsintriaP¹
622 2978 626 3042 Ι
642 2973 770 3028 flammae
786 2975 813 3027 Z
866 2977 898 3027 75
915 2971 1060 3040 syderibus
1072 2971 1153 3039 Pol

140 3043 235 3097 disten
255 3040 283 3095 P
352 3049 385 3097 76
404 3044 544 3115 genetrix]
565 3044 591 3097 V
656 3050 691 3099 77
710 3045 797 3099 actrix
818 3045 864 3111 Pl
884 3044 1006 3098 theatrix
1027 3043 1056 3096 P
1122 3048 1155 3095 79

141 3113 297 3238 hocyhaee
315 3116 329 3165 7
346 3115 351 3182 Ι
366 3114 482 3168 tribium
499 3115 527 3168 P
579 3121 614 3170 80
632 3118 759 3170 turmeae
774 3115 809 3170 V¹
828 3115 940 3188 tnrmysl
953 3113 989 3166 V‘
1044 3119 1077 3167 81
1099 3129 1156 3167 cor·

141 3184 183 3238 di·
240 3183 332 3239 cordis
348 3186 392 3251 ΖΙ
410 3186 525 3258 menos]
545 3188 596 3240 litt.
615 3186 640 3240 is
659 3192 831 3242 euenturum
852 3187 877 3238 V
928 3203 956 3240 a.
972 3190 1006 3240 82
1025 3185 1157 3251 inferiore

140 3256 173 3308 io
191 3272 277 3326 mory.
292 3273 338 3325 pr.
358 3257 422 3311 odd.
442 3258 478 3325 (si
496 3275 532 3312 no
550 3257 569 3310 d
588 3260 692 3313 odiecw
706 3264 771 3327 post
788 3277 815 3313 ιι.
836 3260 884 3324 81)
909 3256 936 3308 V
996 3260 1031 3309 82
1051 3253 1156 3321 Geryo-

140 3325 203 3396 nes]
222 3326 295 3381 GV¹
313 3327 442 3398 geriones
508 3328 584 3382 PTt
603 3329 747 3396 Geryonae
762 3330 917 3396 Hansiusl
940 3325 1081 3398 conpago]
1109 3325 1155 3394 V}

141 3414 251 3465 cymere
272 3399 301 3452 P
370 3405 404 3454 83
424 3399 513 3469 scylla
530 3402 563 3454 in
580 3417 635 3455 ras.
657 3400 682 3453 V
700 3400 772 3470 sylla
787 3401 833 3466 ΡΙ
856 3399 969 3470 tripllex
987 3402 1033 3465 (ex
1051 3398 1083 3450 in
1101 3412 1157 3450 ras.

142 3468 194 3522 titt.
213 3468 270 3524 ioes
289 3474 320 3523 at
336 3471 407 3538 oid.)
432 3471 457 3524 V
527 3478 562 3526 84
580 3479 717 3541 gorgone·
740 3471 767 3524 V
788 3475 793 3540 Ι
823 3469 1080 3541 harphelicaequae
1102 3470 1157 3521 ter-

141 3538 185 3592 nis
205 3538 232 3591 V
248 3543 277 3609 (u
295 3541 327 3593 in
344 3557 410 3607 raa,
429 3544 442 3595 t
459 3559 493 3597 ea
511 3561 530 3613 g
547 3559 592 3611 pr.
612 3542 658 3612 V),
679 3543 839 3668 arpalicqu
854 3547 883 3598 et
901 3540 986 3596 erinis
1002 3540 1031 3593 P
1047 3536 1157 3608 arpiae·

142 3626 196 3678 qne
215 3612 244 3664 et
262 3610 351 3665 erices
372 3612 414 3667 Ti
434 3611 608 3682 herpyieque
626 3616 655 3668 et
674 3614 793 3683 erinyies
860 3618 864 3667 Ι
886 3610 990 3666 a⁰mine
1009 3613 1050 3677 (αθ
1068 3626 1103 3664 es
1122 3615 1158 3663 a?

141 3682 190 3749 ol.)
214 3680 241 3735 V
259 3681 264 3752 Ι
288 3686 368 3738 terno
387 3698 437 3738 om.
457 3685 485 3737 P
554 3690 588 3739 85
607 3684 659 3738 tris
677 3684 810 3739 fatidicae
835 3684 893 3739 VP
913 3679 1087 3738 trifatidicae
1106 3683 1159 3748 (ter

141 3767 176 3806 sa.
191 3768 238 3820 pr.
259 3752 295 3822 Τ)
316 3754 361 3821 ΖΙ
384 3771 502 3810 comune
519 3755 596 3826 PT}
617 3755 728 3811 sibillae
753 3754 980 3826 VPsybillaet
1052 3757 1088 3807 86
1108 3750 1160 3806 cri·

142 3894 219 3948 mina
240 3894 266 3949 Τ
336 3902 370 3951 87
390 3855 473 3966 Quoi}
492 3895 519 3950 T
536 3898 542 3967 Ι
564 3897 756 3966 tarquinornm
775 3896 804 3951 P
