<?xml version="1.0" encoding="UTF-8"?>
<!DOCTYPE html PUBLIC "-//W3C//DTD XHTML 1.0 Transitional//EN"
    "http://www.w3.org/TR/xhtml1/DTD/xhtml1-transitional.dtd">
<html xmlns="http://www.w3.org/1999/xhtml" xml:lang="en" lang="en">
 <head>
  <title>
</title>
<meta http-equiv="Content-Type" content="text/html;charset=utf-8" />
  <meta name='ocr-system' content='tesseract 3.04.00' />
  <meta name='ocr-capabilities' content='ocr_page ocr_carea ocr_par ocr_line ocrx_word'/>
</head>
<body>
  <div class='ocr_page' id='page_1' title='image "./decimimagniavso00ausogoog_0289.png"; bbox 0 0 2430 4274; ppageno 0'>
   <div class='ocr_carea' id='block_1_1' title="bbox 514 534 757 600">
    <p class='ocr_par' dir='ltr' id='par_1_1' title="bbox 514 534 757 600">
     <span class='ocr_line' id='line_1_1' title="bbox 514 534 757 600; baseline 0 0"><span class='ocrx_word' id='word_1_1' title='bbox 514 534 757 600; x_wconf 84' lang='lat'>-156-</span> 
     </span>
    </p>
   </div>
   <div class='ocr_carea' id='block_1_2' title="bbox 129 693 1199 1131">
    <p class='ocr_par' dir='ltr' id='par_1_2' title="bbox 129 693 1199 1131">
     <span class='ocr_line' id='line_1_2' title="bbox 131 693 1149 779; baseline 0 -19"><span class='ocrx_word' id='word_1_2' title='bbox 131 695 159 760; x_wconf 86' lang='lat' dir='ltr'>si</span> <span class='ocrx_word' id='word_1_3' title='bbox 181 695 370 779; x_wconf 79' lang='lat' dir='ltr'><strong>probantur.</strong></span> <span class='ocrx_word' id='word_1_4' title='bbox 407 698 444 758; x_wconf 88' lang='lat' dir='ltr'>tu</span> <span class='ocrx_word' id='word_1_5' title='bbox 466 693 582 779; x_wconf 87' lang='lat' dir='ltr'>facies,</span> <span class='ocrx_word' id='word_1_6' title='bbox 604 698 642 760; x_wconf 90' lang='lat' dir='ltr'>ut</span> <span class='ocrx_word' id='word_1_7' title='bbox 665 695 732 759; x_wconf 87' lang='lat' dir='ltr'>sint</span> <span class='ocrx_word' id='word_1_8' title='bbox 754 693 886 777; x_wconf 90' lang='lat' dir='ltr'>aliquid.</span> <span class='ocrx_word' id='word_1_9' title='bbox 922 715 1001 760; x_wconf 90' lang='lat' dir='ltr'>narn</span> <span class='ocrx_word' id='word_1_10' title='bbox 1022 694 1093 760; x_wconf 87' lang='lat' dir='ltr'>sine</span> <span class='ocrx_word' id='word_1_11' title='bbox 1115 697 1149 760; x_wconf 86' lang='lat' dir='ltr'>te</span> 
     </span>
     <span class='ocr_line' id='line_1_3' title="bbox 130 782 1149 869; baseline 0.002 -22"><span class='ocrx_word' id='word_1_12' title='bbox 130 783 358 868; x_wconf 88' lang='lat' dir='ltr'>monosyllaba</span> <span class='ocrx_word' id='word_1_13' title='bbox 381 786 476 847; x_wconf 89' lang='lat' dir='ltr'>erunt</span> <span class='ocrx_word' id='word_1_14' title='bbox 499 784 551 849; x_wconf 92' lang='lat' dir='ltr'>uel</span> <span class='ocrx_word' id='word_1_15' title='bbox 575 783 603 848; x_wconf 87' lang='lat' dir='ltr'>si</span> <span class='ocrx_word' id='word_1_16' title='bbox 627 782 704 869; x_wconf 90' lang='lat' dir='ltr'>quid</span> <span class='ocrx_word' id='word_1_17' title='bbox 726 782 842 848; x_wconf 90' lang='lat' dir='ltr'>minus.</span> <span class='ocrx_word' id='word_1_18' title='bbox 880 783 914 848; x_wconf 90' lang='lat' dir='ltr'>in</span> <span class='ocrx_word' id='word_1_19' title='bbox 938 783 1056 868; x_wconf 89' lang='lat' dir='ltr'>quibus</span> <span class='ocrx_word' id='word_1_20' title='bbox 1078 804 1149 869; x_wconf 79' lang='lat' dir='ltr'>ego,</span> 
     </span>
     <span class='ocr_line' id='line_1_4' title="bbox 131 870 1149 957; baseline 0 -20"><span class='ocrx_word' id='word_1_21' title='bbox 131 872 218 957; x_wconf 91' lang='lat' dir='ltr'>quod</span> <span class='ocrx_word' id='word_1_22' title='bbox 251 873 292 938; x_wconf 89' lang='lat' dir='ltr'>ad</span> <span class='ocrx_word' id='word_1_23' title='bbox 324 893 420 936; x_wconf 88' lang='lat' dir='ltr'>usum</span> <span class='ocrx_word' id='word_1_24' title='bbox 456 872 610 955; x_wconf 76' lang='lat' dir='ltr'>pertinet,</span> <span class='ocrx_word' id='word_1_25' title='bbox 646 873 723 938; x_wconf 92' lang='lat' dir='ltr'>lusi:</span> <span class='ocrx_word' id='word_1_26' title='bbox 760 870 845 956; x_wconf 88' lang='lat' dir='ltr'>quod</span> <span class='ocrx_word' id='word_1_27' title='bbox 877 872 919 937; x_wconf 89' lang='lat' dir='ltr'>ad</span> <span class='ocrx_word' id='word_1_28' title='bbox 951 872 1149 957; x_wconf 88' lang='lat' dir='ltr'>molestiam,</span> 
     </span>
     <span class='ocr_line' id='line_1_5' title="bbox 129 960 1199 1046; baseline 0.006 -22"><span class='ocrx_word' id='word_1_29' title='bbox 129 961 287 1026; x_wconf 90' lang='lat' dir='ltr'>laboraui.</span> <span class='ocrx_word' id='word_1_30' title='bbox 332 960 444 1026; x_wconf 93' lang='lat' dir='ltr'>libello</span> <span class='ocrx_word' id='word_1_31' title='bbox 468 960 731 1046; x_wconf 79' lang='lat' dir='ltr'>Technopaegnii</span> <span class='ocrx_word' id='word_1_32' title='bbox 757 981 877 1025; x_wconf 90' lang='lat' dir='ltr'>nomen</span> <span class='ocrx_word' id='word_1_33' title='bbox 904 960 992 1044; x_wconf 89' lang='lat' dir='ltr'>dedi,</span> <span class='ocrx_word' id='word_1_34' title='bbox 1022 983 1063 1026; x_wconf 90' lang='lat' dir='ltr'>ne</span> <span class='ocrx_word' id='word_1_35' title='bbox 1091 967 1149 1027; x_wconf 88' lang='lat' dir='ltr'>ant</span> <span class='ocrx_word' id='word_1_36' title='bbox 1168 983 1199 1030; x_wconf 72' lang='grc' dir='ltr'>ιι</span> 
     </span>
     <span class='ocr_line' id='line_1_6' title="bbox 129 1048 1148 1131; baseline 0.002 -18"><span class='ocrx_word' id='word_1_37' title='bbox 129 1048 240 1115; x_wconf 88' lang='lat' dir='ltr'>ludum</span> <span class='ocrx_word' id='word_1_38' title='bbox 265 1049 445 1131; x_wconf 81' lang='lat' dir='ltr'>laboranti,</span> <span class='ocrx_word' id='word_1_39' title='bbox 470 1054 527 1114; x_wconf 90' lang='lat' dir='ltr'>aut</span> <span class='ocrx_word' id='word_1_40' title='bbox 550 1053 653 1114; x_wconf 87' lang='lat' dir='ltr'>artem</span> <span class='ocrx_word' id='word_1_41' title='bbox 677 1049 824 1114; x_wconf 83' lang='lat' dir='ltr'>crederes</span> <span class='ocrx_word' id='word_1_42' title='bbox 847 1048 989 1114; x_wconf 83' lang='lat' dir='ltr'>defuisse</span> <span class='ocrx_word' id='word_1_43' title='bbox 1013 1049 1148 1115; x_wconf 85' lang='lat' dir='ltr'>ludenti.</span> 
     </span>
    </p>
   </div>
   <div class='ocr_carea' id='block_1_3' title="bbox 78 1279 914 1361">
    <p class='ocr_par' dir='ltr' id='par_1_3' title="bbox 78 1279 914 1361">
     <span class='ocr_line' id='line_1_7' title="bbox 78 1279 914 1361; baseline 0 -17"><span class='ocrx_word' id='word_1_44' title='bbox 78 1295 138 1344; x_wconf 77' lang='lat' dir='ltr'>[aas]</span> <span class='ocrx_word' id='word_1_45' title='bbox 358 1286 392 1339; x_wconf 90' lang='lat'>11.</span> <span class='ocrx_word' id='word_1_46' title='bbox 422 1280 793 1361; x_wconf 76' lang='lat' dir='ltr'>&lt;susoruvsrnvn1n0</span> <span class='ocrx_word' id='word_1_47' title='bbox 818 1279 914 1361; x_wconf 83' lang='lat' dir='ltr'>svo&gt;</span> 
     </span>
    </p>
   </div>
   <div class='ocr_carea' id='block_1_4' title="bbox 125 1401 1181 2194">
    <p class='ocr_par' dir='ltr' id='par_1_4' title="bbox 125 1401 1181 2194">
     <span class='ocr_line' id='line_1_8' title="bbox 196 1401 1148 1488; baseline 0.003 -22"><span class='ocrx_word' id='word_1_48' title='bbox 196 1401 275 1466; x_wconf 88' lang='lat' dir='ltr'>Misi</span> <span class='ocrx_word' id='word_1_49' title='bbox 295 1403 335 1466; x_wconf 89' lang='lat' dir='ltr'>ad</span> <span class='ocrx_word' id='word_1_50' title='bbox 353 1408 386 1466; x_wconf 88' lang='lat' dir='ltr'>tc</span> <span class='ocrx_word' id='word_1_51' title='bbox 406 1401 715 1488; x_wconf 84' lang='lat' dir='ltr'>Technopaeguion,</span> <span class='ocrx_word' id='word_1_52' title='bbox 733 1403 848 1467; x_wconf 81' lang='lat' dir='ltr'>inertis</span> <span class='ocrx_word' id='word_1_53' title='bbox 869 1402 929 1467; x_wconf 92' lang='lat' dir='ltr'>otii</span> <span class='ocrx_word' id='word_1_54' title='bbox 948 1404 1013 1468; x_wconf 91' lang='lat' dir='ltr'>mei</span> <span class='ocrx_word' id='word_1_55' title='bbox 1031 1403 1148 1469; x_wconf 87' lang='lat' dir='ltr'>inutile</span> 
     </span>
     <span class='ocr_line' id='line_1_9' title="bbox 131 1491 1149 1577; baseline 0.002 -22"><span class='ocrx_word' id='word_1_56' title='bbox 131 1491 330 1576; x_wconf 89' lang='lat' dir='ltr'>opusculum.</span> <span class='ocrx_word' id='word_1_57' title='bbox 376 1491 531 1556; x_wconf 88' lang='lat' dir='ltr'>uersiculi</span> <span class='ocrx_word' id='word_1_58' title='bbox 575 1494 652 1557; x_wconf 89' lang='lat' dir='ltr'>sunt</span> <span class='ocrx_word' id='word_1_59' title='bbox 692 1491 928 1575; x_wconf 78' lang='lat' dir='ltr'>monosyllabis</span> <span class='ocrx_word' id='word_1_60' title='bbox 970 1493 1080 1577; x_wconf 88' lang='lat' dir='ltr'>coepti</span> <span class='ocrx_word' id='word_1_61' title='bbox 1115 1496 1149 1557; x_wconf 90' lang='lat' dir='ltr'>et</span> 
     </span>
     <span class='ocr_line' id='line_1_10' title="bbox 130 1579 1148 1665; baseline 0.001 -21"><span class='ocrx_word' id='word_1_62' title='bbox 130 1579 368 1664; x_wconf 82' lang='lat' dir='ltr'>monosyllabis</span> <span class='ocrx_word' id='word_1_63' title='bbox 396 1580 572 1646; x_wconf 87' lang='lat' dir='ltr'>terminati.</span> <span class='ocrx_word' id='word_1_64' title='bbox 612 1601 673 1645; x_wconf 90' lang='lat' dir='ltr'>neo</span> <span class='ocrx_word' id='word_1_65' title='bbox 698 1579 752 1644; x_wconf 93' lang='lat' dir='ltr'>hic</span> <span class='ocrx_word' id='word_1_66' title='bbox 775 1579 870 1645; x_wconf 92' lang='lat' dir='ltr'>modo</span> <span class='ocrx_word' id='word_1_67' title='bbox 894 1579 987 1645; x_wconf 87' lang='lat' dir='ltr'>stetit</span> <span class='ocrx_word' id='word_1_68' title='bbox 1010 1602 1148 1665; x_wconf 84' lang='lat' dir='ltr'>scrupea</span> 
     </span>
     <span class='ocr_line' id='line_1_11' title="bbox 131 1667 1148 1753; baseline 0.001 -20"><span class='ocrx_word' id='word_1_69' title='bbox 131 1667 317 1752; x_wconf 80' lang='lat' dir='ltr'>difficultas,</span> <span class='ocrx_word' id='word_1_70' title='bbox 335 1668 392 1733; x_wconf 89' lang='lat' dir='ltr'>sed</span> <span class='ocrx_word' id='word_1_71' title='bbox 407 1668 545 1734; x_wconf 87' lang='lat' dir='ltr'>accessit</span> <span class='ocrx_word' id='word_1_72' title='bbox 559 1668 599 1734; x_wconf 91' lang='lat' dir='ltr'>ad</span> <span class='ocrx_word' id='word_1_73' title='bbox 614 1669 779 1734; x_wconf 90' lang='lat' dir='ltr'>miseriam</span> <span class='ocrx_word' id='word_1_74' title='bbox 793 1668 991 1753; x_wconf 86' lang='lat' dir='ltr'>conectendi,</span> <span class='ocrx_word' id='word_1_75' title='bbox 1009 1673 1047 1735; x_wconf 88' lang='lat' dir='ltr'>ut</span> <span class='ocrx_word' id='word_1_76' title='bbox 1061 1669 1148 1734; x_wconf 89' lang='lat' dir='ltr'>idem</span> 
     </span>
     <span class='ocr_line' id='line_1_12' title="bbox 130 1758 1181 1843; baseline 0.003 -21"><span class='ocrx_word' id='word_1_77' title='bbox 130 1758 395 1842; x_wconf 83' lang='lat' dir='ltr'>monosyllabon,</span> <span class='ocrx_word' id='word_1_78' title='bbox 423 1758 508 1843; x_wconf 91' lang='lat' dir='ltr'>quod</span> <span class='ocrx_word' id='word_1_79' title='bbox 537 1760 622 1823; x_wconf 88' lang='lat' dir='ltr'>esset</span> <span class='ocrx_word' id='word_1_80' title='bbox 650 1758 724 1823; x_wconf 91' lang='lat' dir='ltr'>finis</span> <span class='ocrx_word' id='word_1_81' title='bbox 748 1759 882 1822; x_wconf 85' lang='lat' dir='ltr'>extremi</span> <span class='ocrx_word' id='word_1_82' title='bbox 906 1779 1033 1842; x_wconf 88' lang='lat' dir='ltr'>uersus,</span> <span class='ocrx_word' id='word_1_83' title='bbox 1061 1759 1181 1843; x_wconf 79' lang='lat' dir='ltr'>prin-o</span> 
     </span>
     <span class='ocr_line' id='line_1_13' title="bbox 131 1846 1147 1931; baseline 0 -20"><span class='ocrx_word' id='word_1_84' title='bbox 131 1846 253 1931; x_wconf 90' lang='lat' dir='ltr'>cipium</span> <span class='ocrx_word' id='word_1_85' title='bbox 275 1846 369 1913; x_wconf 88' lang='lat' dir='ltr'>fieret</span> <span class='ocrx_word' id='word_1_86' title='bbox 391 1847 600 1931; x_wconf 83' lang='lat' dir='ltr'>insequentis.</span> <span class='ocrx_word' id='word_1_87' title='bbox 637 1847 689 1912; x_wconf 92' lang='lat' dir='ltr'>dic</span> <span class='ocrx_word' id='word_1_88' title='bbox 706 1867 797 1931; x_wconf 80' lang='lat' dir='ltr'>ergo:</span> <span class='ocrx_word' id='word_1_89' title='bbox 822 1867 966 1930; x_wconf 86' lang='lat' dir='ltr'>omora,</span> <span class='ocrx_word' id='word_1_90' title='bbox 989 1850 1147 1931; x_wconf 85' lang='lat' dir='ltr'>oposna!</span> 
     </span>
     <span class='ocr_line' id='line_1_14' title="bbox 129 1934 1147 2020; baseline 0.001 -21"><span class='ocrx_word' id='word_1_91' title='bbox 129 1956 199 2000; x_wconf 89' lang='lat' dir='ltr'>rem</span> <span class='ocrx_word' id='word_1_92' title='bbox 226 1956 346 1999; x_wconf 89' lang='lat' dir='ltr'>uanam</span> <span class='ocrx_word' id='word_1_93' title='bbox 370 1935 490 2019; x_wconf 89' lang='lat' dir='ltr'>quippe</span> <span class='ocrx_word' id='word_1_94' title='bbox 518 1934 643 2001; x_wconf 89' lang='lat' dir='ltr'>curaui:</span> <span class='ocrx_word' id='word_1_95' title='bbox 674 1935 791 2020; x_wconf 82' lang='lat' dir='ltr'>exigua</span> <span class='ocrx_word' id='word_1_96' title='bbox 818 1939 880 2018; x_wconf 91' lang='lat' dir='ltr'>est,</span> <span class='ocrx_word' id='word_1_97' title='bbox 908 1939 942 2000; x_wconf 87' lang='lat' dir='ltr'>et</span> <span class='ocrx_word' id='word_1_98' title='bbox 968 1934 1147 2001; x_wconf 85' lang='lat' dir='ltr'>fastiditur:</span> 
     </span>
     <span class='ocr_line' id='line_1_15' title="bbox 125 2023 1148 2107; baseline 0 -19"><span class='ocrx_word' id='word_1_99' title='bbox 125 2024 291 2088; x_wconf 77' lang='lat' dir='ltr'>inconexa</span> <span class='ocrx_word' id='word_1_100' title='bbox 309 2026 360 2088; x_wconf 88' lang='lat' dir='ltr'>est</span> <span class='ocrx_word' id='word_1_101' title='bbox 379 2028 412 2087; x_wconf 85' lang='lat' dir='ltr'>et</span> <span class='ocrx_word' id='word_1_102' title='bbox 433 2023 635 2107; x_wconf 87' lang='lat' dir='ltr'>implicatur:</span> <span class='ocrx_word' id='word_1_103' title='bbox 659 2045 733 2088; x_wconf 93' lang='lat' dir='ltr'>cum</span> <span class='ocrx_word' id='word_1_104' title='bbox 753 2026 797 2088; x_wconf 93' lang='lat' dir='ltr'>sit</span> <span class='ocrx_word' id='word_1_105' title='bbox 815 2023 952 2107; x_wconf 89' lang='lat' dir='ltr'>aliquid,</span> <span class='ocrx_word' id='word_1_106' title='bbox 975 2025 1028 2089; x_wconf 90' lang='lat' dir='ltr'>uel</span> <span class='ocrx_word' id='word_1_107' title='bbox 1052 2024 1148 2089; x_wconf 89' lang='lat' dir='ltr'>nihili</span> 
     </span>
     <span class='ocr_line' id='line_1_16' title="bbox 132 2109 1148 2194; baseline 0.003 -19"><span class='ocrx_word' id='word_1_108' title='bbox 132 2109 393 2194; x_wconf 87' lang='lat' dir='ltr'>deprehenditur.</span> <span class='ocrx_word' id='word_1_109' title='bbox 429 2111 578 2177; x_wconf 89' lang='lat' dir='ltr'>laboraui</span> <span class='ocrx_word' id='word_1_110' title='bbox 601 2117 726 2191; x_wconf 88' lang='lat' dir='ltr'>tamen,</span> <span class='ocrx_word' id='word_1_111' title='bbox 749 2117 785 2177; x_wconf 91' lang='lat' dir='ltr'>ut</span> <span class='ocrx_word' id='word_1_112' title='bbox 808 2112 944 2177; x_wconf 88' lang='lat' dir='ltr'>haberet</span> <span class='ocrx_word' id='word_1_113' title='bbox 966 2116 1024 2177; x_wconf 91' lang='lat' dir='ltr'>aut</span> <span class='ocrx_word' id='word_1_114' title='bbox 1046 2111 1148 2178; x_wconf 79' lang='lat' dir='ltr'>histo</span> 
     </span>
    </p>
   </div>
   <div class='ocr_carea' id='block_1_5' title="bbox 130 2199 1199 2799">
    <p class='ocr_par' dir='ltr' id='par_1_5' title="bbox 130 2199 1199 2799">
     <span class='ocr_line' id='line_1_17' title="bbox 131 2199 1198 2285; baseline 0.005 -22"><span class='ocrx_word' id='word_1_115' title='bbox 131 2199 222 2263; x_wconf 89' lang='lat' dir='ltr'>ricon</span> <span class='ocrx_word' id='word_1_116' title='bbox 252 2200 434 2285; x_wconf 90' lang='lat' dir='ltr'>quippiam,</span> <span class='ocrx_word' id='word_1_117' title='bbox 467 2204 523 2265; x_wconf 89' lang='lat' dir='ltr'>aut</span> <span class='ocrx_word' id='word_1_118' title='bbox 550 2200 752 2264; x_wconf 90' lang='lat' dir='ltr'>dialecticon</span> <span class='ocrx_word' id='word_1_119' title='bbox 799 2221 876 2264; x_wconf 90' lang='lat' dir='ltr'>nam</span> <span class='ocrx_word' id='word_1_120' title='bbox 905 2201 1067 2284; x_wconf 88' lang='lat' dir='ltr'>poeticam</span> <span class='ocrx_word' id='word_1_121' title='bbox 1095 2201 1198 2268; x_wconf 88' lang='lat' dir='ltr'>uel1o</span> 
     </span>
     <span class='ocr_line' id='line_1_18' title="bbox 132 2288 1149 2371; baseline 0.002 -19"><span class='ocrx_word' id='word_1_122' title='bbox 132 2288 343 2371; x_wconf 89' lang='lat' dir='ltr'>sophisticam</span> <span class='ocrx_word' id='word_1_123' title='bbox 361 2288 530 2354; x_wconf 87' lang='lat' dir='ltr'>leuitatem</span> <span class='ocrx_word' id='word_1_124' title='bbox 549 2289 728 2353; x_wconf 87' lang='lat' dir='ltr'>necessitas</span> <span class='ocrx_word' id='word_1_125' title='bbox 747 2289 985 2354; x_wconf 87' lang='lat' dir='ltr'>obseruationis</span> <span class='ocrx_word' id='word_1_126' title='bbox 1000 2290 1149 2355; x_wconf 85' lang='lat' dir='ltr'>exclusit.</span> 
     </span>
     <span class='ocr_line' id='line_1_19' title="bbox 131 2376 1149 2479; baseline 0.002 -38"><span class='ocrx_word' id='word_1_127' title='bbox 131 2376 172 2441; x_wconf 90' lang='lat' dir='ltr'>ad</span> <span class='ocrx_word' id='word_1_128' title='bbox 192 2398 366 2461; x_wconf 84' lang='lat' dir='ltr'>summam,</span> <span class='ocrx_word' id='word_1_129' title='bbox 386 2399 454 2442; x_wconf 94' lang='lat' dir='ltr'>non</span> <span class='ocrx_word' id='word_1_130' title='bbox 473 2382 524 2442; x_wconf 87' lang='lat' dir='ltr'>est</span> <span class='ocrx_word' id='word_1_131' title='bbox 542 2378 641 2479; x_wconf 40' lang='lat' dir='ltr'>quod·</span> <span class='ocrx_word' id='word_1_132' title='bbox 647 2376 790 2442; x_wconf 88' lang='lat' dir='ltr'>mireris.</span> <span class='ocrx_word' id='word_1_133' title='bbox 814 2379 870 2443; x_wconf 90' lang='lat' dir='ltr'>sed</span> <span class='ocrx_word' id='word_1_134' title='bbox 893 2379 1005 2462; x_wconf 90' lang='lat' dir='ltr'>paucis</span> <span class='ocrx_word' id='word_1_135' title='bbox 1028 2378 1149 2444; x_wconf 87' lang='lat' dir='ltr'>litteris</span> 
     </span>
     <span class='ocr_line' id='line_1_20' title="bbox 132 2460 1150 2550; baseline 0.001 -20"><span class='ocrx_word' id='word_1_136' title='bbox 132 2460 265 2550; x_wconf 85' lang='lat' dir='ltr'>additis,</span> <span class='ocrx_word' id='word_1_137' title='bbox 289 2470 340 2530; x_wconf 88' lang='lat' dir='ltr'>est</span> <span class='ocrx_word' id='word_1_138' title='bbox 363 2466 453 2530; x_wconf 90' lang='lat' dir='ltr'>cuius</span> <span class='ocrx_word' id='word_1_139' title='bbox 476 2466 661 2531; x_wconf 86' lang='lat' dir='ltr'>miserearis</span> <span class='ocrx_word' id='word_1_140' title='bbox 684 2488 787 2550; x_wconf 90' lang='lat' dir='ltr'>neque</span> <span class='ocrx_word' id='word_1_141' title='bbox 811 2466 968 2531; x_wconf 89' lang='lat' dir='ltr'>aemulari</span> <span class='ocrx_word' id='word_1_142' title='bbox 992 2466 1084 2532; x_wconf 88' lang='lat' dir='ltr'>uelis.</span> <span class='ocrx_word' id='word_1_143' title='bbox 1116 2473 1150 2531; x_wconf 87' lang='lat' dir='ltr'>ct</span> 
     </span>
     <span class='ocr_line' id='line_1_21' title="bbox 132 2554 1148 2656; baseline 0.001 -37"><span class='ocrx_word' id='word_1_144' title='bbox 132 2554 160 2620; x_wconf 87' lang='lat' dir='ltr'>si</span> <span class='ocrx_word' id='word_1_145' title='bbox 182 2554 246 2620; x_wconf 91' lang='lat' dir='ltr'>huc</span> <span class='ocrx_word' id='word_1_146' title='bbox 267 2576 395 2639; x_wconf 89' lang='lat' dir='ltr'>quoque</span> <span class='ocrx_word' id='word_1_147' title='bbox 418 2555 633 2634; x_wconf 82' lang='lat' dir='ltr'>descenderis,</span> <span class='ocrx_word' id='word_1_148' title='bbox 656 2555 814 2621; x_wconf 88' lang='lat' dir='ltr'>maiorem</span> <span class='ocrx_word' id='word_1_149' title='bbox 833 2555 1018 2619; x_wconf 83' lang='lat' dir='ltr'>molestiam</span> <span class='ocrx_word' id='word_1_150' title='bbox 1037 2556 1148 2656; x_wconf 79' lang='lat' dir='ltr'>capias</span> 
     </span>
     <span class='ocr_line' id='line_1_22' title="bbox 130 2605 1199 2729; baseline 0.002 -20"><span class='ocrx_word' id='word_1_151' title='bbox 130 2643 312 2729; x_wconf 80' lang='lat' dir='ltr'>ingeniiet</span> <span class='ocrx_word' id='word_1_152' title='bbox 335 2642 505 2710; x_wconf 86' lang='lat' dir='ltr'>facundiae</span> <span class='ocrx_word' id='word_1_153' title='bbox 532 2605 742 2728; x_wconf 77' lang='lat' dir='ltr'>detrimento,</span> <span class='ocrx_word' id='word_1_154' title='bbox 770 2666 868 2729; x_wconf 91' lang='lat' dir='ltr'>quam</span> <span class='ocrx_word' id='word_1_155' title='bbox 897 2643 1006 2709; x_wconf 87' lang='lat' dir='ltr'>oblect</span> <span class='ocrx_word' id='word_1_156' title='bbox 991 2643 1149 2709; x_wconf 87' lang='lat' dir='ltr'>tationem</span> <span class='ocrx_word' id='word_1_157' title='bbox 1167 2665 1199 2712; x_wconf 76' lang='grc' dir='ltr'>ιι</span> 
     </span>
     <span class='ocr_line' id='line_1_23' title="bbox 131 2731 477 2799; baseline 0.006 -3"><span class='ocrx_word' id='word_1_158' title='bbox 131 2731 326 2797; x_wconf 88' lang='lat' dir='ltr'>imitationis</span> <span class='ocrx_word' id='word_1_159' title='bbox 351 2731 477 2799; x_wconf 85' lang='lat' dir='ltr'>affectu.</span> 
     </span>
    </p>
   </div>
   <div class='ocr_carea' id='block_1_6' title="bbox 79 2945 1153 3686">
    <p class='ocr_par' dir='ltr' id='par_1_6' title="bbox 132 2945 1150 3243">
     <span class='ocr_line' id='line_1_24' title="bbox 205 2945 1150 3043; baseline 0.002 -32"><span class='ocrx_word' id='word_1_160' title='bbox 205 2963 238 3013; x_wconf 83' lang='lat'>13</span> <span class='ocrx_word' id='word_1_161' title='bbox 259 2957 447 3012; x_wconf 82' lang='lat' dir='ltr'>monosillaba</span> <span class='ocrx_word' id='word_1_162' title='bbox 470 2958 497 3011; x_wconf 90' lang='lat' dir='ltr'><strong><em>V</em></strong></span> <span class='ocrx_word' id='word_1_163' title='bbox 567 2964 601 3011; x_wconf 77' lang='lat'>14</span> <span class='ocrx_word' id='word_1_164' title='bbox 624 2959 676 3012; x_wconf 83' lang='lat' dir='ltr'>ad</span> <span class='ocrx_word' id='word_1_165' title='bbox 679 2945 740 3013; x_wconf 71' lang='lat' dir='ltr'>siim</span> <span class='ocrx_word' id='word_1_166' title='bbox 764 2960 791 3014; x_wconf 89' lang='lat' dir='ltr'><strong><em>V</em></strong></span> <span class='ocrx_word' id='word_1_167' title='bbox 862 2965 895 3013; x_wconf 76' lang='lat'>15</span> <span class='ocrx_word' id='word_1_168' title='bbox 918 2958 1095 3043; x_wconf 75' lang='lat' dir='ltr'>tcehopcssnii</span> <span class='ocrx_word' id='word_1_169' title='bbox 1119 2961 1150 3030; x_wconf 75' lang='lat' dir='ltr'>(g</span> 
     </span>
     <span class='ocr_line' id='line_1_25' title="bbox 132 3027 1148 3114; baseline 0.001 -31"><span class='ocrx_word' id='word_1_170' title='bbox 132 3029 166 3083; x_wconf 86' lang='grc' dir='ltr'>αι</span> <span class='ocrx_word' id='word_1_171' title='bbox 187 3030 233 3097; x_wconf 88' lang='lat' dir='ltr'>ss)</span> <span class='ocrx_word' id='word_1_172' title='bbox 258 3027 285 3080; x_wconf 90' lang='lat' dir='ltr'><strong><em>V</em></strong></span> <span class='ocrx_word' id='word_1_173' title='bbox 307 3027 480 3114; x_wconf 75' lang='lat' dir='ltr'>tdhopegnii</span> <span class='ocrx_word' id='word_1_174' title='bbox 497 3048 515 3081; x_wconf 82' lang='lat' dir='ltr'><em>v</em></span> <span class='ocrx_word' id='word_1_175' title='bbox 589 3035 622 3085; x_wconf 86' lang='grc'>16</span> <span class='ocrx_word' id='word_1_176' title='bbox 649 3034 732 3112; x_wconf 68' lang='lat' dir='ltr'>”tem</span> <span class='ocrx_word' id='word_1_177' title='bbox 754 3030 781 3084; x_wconf 89' lang='lat' dir='ltr'><strong><em>V</em></strong></span> <span class='ocrx_word' id='word_1_178' title='bbox 849 3049 921 3084; x_wconf 76' lang='lat' dir='ltr'>nunu</span> <span class='ocrx_word' id='word_1_179' title='bbox 936 3029 1032 3085; x_wconf 62' lang='lat' dir='ltr'>§ssc-</span> <span class='ocrx_word' id='word_1_180' title='bbox 1051 3049 1148 3085; x_wconf 75' lang='lat' dir='ltr'>merr-</span> 
     </span>
     <span class='ocr_line' id='line_1_26' title="bbox 132 3093 1149 3171; baseline 0.002 -17"><span class='ocrx_word' id='word_1_181' title='bbox 132 3117 310 3154; x_wconf 74' lang='lat' dir='ltr'>rnrnorncun</span> <span class='ocrx_word' id='word_1_182' title='bbox 328 3093 415 3153; x_wconf 76' lang='lat' dir='ltr'>nnxr&#39;·</span> <span class='ocrx_word' id='word_1_183' title='bbox 434 3119 451 3153; x_wconf 87' lang='lat' dir='ltr'>c</span> <span class='ocrx_word' id='word_1_184' title='bbox 489 3098 615 3169; x_wconf 81' lang='lat' dir='ltr'>Explicit</span> <span class='ocrx_word' id='word_1_185' title='bbox 637 3102 672 3156; x_wconf 89' lang='lat' dir='ltr'>de</span> <span class='ocrx_word' id='word_1_186' title='bbox 690 3100 824 3156; x_wconf 68' lang='lat' dir='ltr'>niniucs·</span> <span class='ocrx_word' id='word_1_187' title='bbox 841 3103 900 3154; x_wconf 84' lang='lat' dir='ltr'>uei.</span> <span class='ocrx_word' id='word_1_188' title='bbox 920 3119 964 3156; x_wconf 85' lang='lat' dir='ltr'>cn.</span> <span class='ocrx_word' id='word_1_189' title='bbox 983 3100 1085 3171; x_wconf 86' lang='lat' dir='ltr'>incipit</span> <span class='ocrx_word' id='word_1_190' title='bbox 1103 3122 1149 3156; x_wconf 83' lang='lat' dir='ltr'>rn-</span> 
     </span>
     <span class='ocr_line' id='line_1_27' title="bbox 132 3169 449 3243; baseline 0.006 -19"><span class='ocrx_word' id='word_1_191' title='bbox 132 3169 412 3243; x_wconf 69' lang='grc' dir='ltr'>οιιοιιιιιιιιιιι,ιιιιτνι</span> <span class='ocrx_word' id='word_1_192' title='bbox 426 3187 449 3240; x_wconf 81' lang='lat' dir='ltr'>p</span> 
     </span>
    </p>

    <p class='ocr_par' dir='ltr' id='par_1_7' title="bbox 79 3257 1153 3686">
     <span class='ocr_line' id='line_1_28' title="bbox 79 3257 1148 3329; baseline 0.003 -15"><span class='ocrx_word' id='word_1_193' title='bbox 79 3261 108 3314; x_wconf 99' lang='grc' dir='ltr'><em>Ζ</em></span> <span class='ocrx_word' id='word_1_194' title='bbox 204 3257 230 3312; x_wconf 95' lang='grc' dir='ltr'>Π</span> <span class='ocrx_word' id='word_1_195' title='bbox 253 3257 295 3314; x_wconf 90' lang='lat' dir='ltr'>De</span> <span class='ocrx_word' id='word_1_196' title='bbox 318 3258 521 3329; x_wconf 87' lang='lat' dir='ltr'>monosyllabis</span> <span class='ocrx_word' id='word_1_197' title='bbox 545 3276 616 3329; x_wconf 88' lang='lat' dir='ltr'>opus</span> <span class='ocrx_word' id='word_1_198' title='bbox 637 3259 694 3314; x_wconf 73' lang='lat' dir='ltr'>To</span> <span class='ocrx_word' id='word_1_199' title='bbox 712 3276 762 3316; x_wconf 88' lang='lat' dir='ltr'>om.</span> <span class='ocrx_word' id='word_1_200' title='bbox 782 3261 821 3314; x_wconf 82' lang='lat' dir='ltr'><strong><em>M</em></strong></span> <span class='ocrx_word' id='word_1_201' title='bbox 841 3264 845 3327; x_wconf 82' lang='grc'>1</span> <span class='ocrx_word' id='word_1_202' title='bbox 871 3260 1010 3315; x_wconf 80' lang='lat' dir='ltr'>Ausonius</span> <span class='ocrx_word' id='word_1_203' title='bbox 1028 3261 1148 3317; x_wconf 88' lang='lat' dir='ltr'>Paulino</span> 
     </span>
     <span class='ocr_line' id='line_1_29' title="bbox 132 3329 1153 3415; baseline -0.001 -29"><span class='ocrx_word' id='word_1_204' title='bbox 132 3330 196 3386; x_wconf 84' lang='lat' dir='ltr'>add.</span> <span class='ocrx_word' id='word_1_205' title='bbox 206 3329 254 3384; x_wconf 81' lang='lat' dir='ltr'>Lu</span> <span class='ocrx_word' id='word_1_206' title='bbox 254 3332 355 3400; x_wconf 67' lang='lat' dir='ltr'>pauo,</span> <span class='ocrx_word' id='word_1_207' title='bbox 374 3347 424 3386; x_wconf 83' lang='lat' dir='ltr'>om.</span> <span class='ocrx_word' id='word_1_208' title='bbox 437 3332 463 3385; x_wconf 91' lang='lat' dir='ltr'><em>Z</em></span> <span class='ocrx_word' id='word_1_209' title='bbox 517 3331 653 3386; x_wconf 86' lang='lat' dir='ltr'>ltechno</span> <span class='ocrx_word' id='word_1_210' title='bbox 670 3348 811 3402; x_wconf 83' lang='lat' dir='ltr'>pacgmon</span> <span class='ocrx_word' id='word_1_211' title='bbox 832 3332 858 3386; x_wconf 86' lang='lat' dir='ltr'><strong><em>T</em></strong></span> <span class='ocrx_word' id='word_1_212' title='bbox 873 3333 1102 3415; x_wconf 81' lang='lat' dir='ltr'>cechnopaogion</span> <span class='ocrx_word' id='word_1_213' title='bbox 1115 3332 1153 3386; x_wconf 91' lang='grc' dir='ltr'><strong>Μ</strong></span> 
     </span>
     <span class='ocr_line' id='line_1_30' title="bbox 168 3347 1150 3473; baseline 0.003 -18"><span class='ocrx_word' id='word_1_214' title='bbox 168 3347 365 3457; x_wconf 70' lang='lat' dir='ltr'>ainhertisG</span> <span class='ocrx_word' id='word_1_215' title='bbox 420 3403 522 3458; x_wconf 71' lang='lat' dir='ltr'>astcti</span> <span class='ocrx_word' id='word_1_216' title='bbox 536 3402 619 3457; x_wconf 89' lang='lat' dir='ltr'>modo</span> <span class='ocrx_word' id='word_1_217' title='bbox 637 3402 663 3455; x_wconf 79' lang='grc' dir='ltr'><em>Τ</em></span> <span class='ocrx_word' id='word_1_218' title='bbox 715 3403 911 3458; x_wconf 76' lang='grc' dir='ltr'>ιοοιιοιιιιιιιι</span> <span class='ocrx_word' id='word_1_219' title='bbox 925 3402 952 3457; x_wconf 90' lang='grc' dir='ltr'><em>Ζ</em></span> <span class='ocrx_word' id='word_1_220' title='bbox 967 3419 1036 3458; x_wconf 81' lang='lat' dir='ltr'>corr.</span> <span class='ocrx_word' id='word_1_221' title='bbox 1048 3403 1150 3473; x_wconf 82' lang='lat' dir='ltr'>Peiper</span> 
     </span>
     <span class='ocr_line' id='line_1_31' title="bbox 133 3421 1151 3554; baseline 0.001 -28"><span class='ocrx_word' id='word_1_222' title='bbox 133 3472 319 3527; x_wconf 86' lang='lat' dir='ltr'>concinnandi</span> <span class='ocrx_word' id='word_1_223' title='bbox 338 3473 454 3529; x_wconf 78' lang='lat' dir='ltr'>Schenkl</span> <span class='ocrx_word' id='word_1_224' title='bbox 526 3480 542 3528; x_wconf 83' lang='grc'><strong>6</strong></span> <span class='ocrx_word' id='word_1_225' title='bbox 562 3489 578 3528; x_wconf 95' lang='lat' dir='ltr'>o</span> <span class='ocrx_word' id='word_1_226' title='bbox 596 3490 675 3528; x_wconf 86' lang='lat' dir='ltr'>mora</span> <span class='ocrx_word' id='word_1_227' title='bbox 694 3477 724 3528; x_wconf 86' lang='lat' dir='ltr'>et</span> <span class='ocrx_word' id='word_1_228' title='bbox 742 3491 758 3530; x_wconf 95' lang='lat' dir='ltr'>o</span> <span class='ocrx_word' id='word_1_229' title='bbox 777 3490 870 3543; x_wconf 88' lang='lat' dir='ltr'>poena</span> <span class='ocrx_word' id='word_1_230' title='bbox 884 3475 910 3528; x_wconf 91' lang='lat' dir='ltr'><em>Z</em></span> <span class='ocrx_word' id='word_1_231' title='bbox 927 3477 1039 3554; x_wconf 84' lang='lat' dir='ltr'>(poema</span> <span class='ocrx_word' id='word_1_232' title='bbox 1060 3421 1150 3543; x_wconf 54' lang='lat' dir='ltr'>lym</span> <span class='ocrx_word' id='word_1_233' title='bbox 1120 3475 1151 3527; x_wconf 87' lang='lat' dir='ltr'>ct</span> 
     </span>
     <span class='ocr_line' id='line_1_32' title="bbox 131 3543 1148 3615; baseline 0.003 -17"><span class='ocrx_word' id='word_1_234' title='bbox 131 3543 182 3598; x_wconf 80' lang='lat' dir='ltr'>del</span> <span class='ocrx_word' id='word_1_235' title='bbox 199 3543 299 3613; x_wconf 80' lang='lat' dir='ltr'>Peiper</span> <span class='ocrx_word' id='word_1_236' title='bbox 353 3545 544 3600; x_wconf 82' lang='lat' dir='ltr'>Sinconnexa</span> <span class='ocrx_word' id='word_1_237' title='bbox 563 3545 589 3597; x_wconf 82' lang='lat' dir='ltr'><em>Z</em></span> <span class='ocrx_word' id='word_1_238' title='bbox 604 3544 608 3615; x_wconf 71' lang='lat' dir='ltr'>l</span> <span class='ocrx_word' id='word_1_239' title='bbox 624 3548 668 3599; x_wconf 87' lang='lat' dir='ltr'>est·</span> <span class='ocrx_word' id='word_1_240' title='bbox 685 3560 736 3599; x_wconf 86' lang='lat' dir='ltr'>om</span> <span class='ocrx_word' id='word_1_241' title='bbox 757 3544 827 3600; x_wconf 83' lang='lat' dir='ltr'>GM</span> <span class='ocrx_word' id='word_1_242' title='bbox 842 3548 846 3614; x_wconf 92' lang='grc' dir='ltr'>Ι</span> <span class='ocrx_word' id='word_1_243' title='bbox 863 3544 945 3599; x_wconf 90' lang='lat' dir='ltr'>nihili</span> <span class='ocrx_word' id='word_1_244' title='bbox 963 3543 1010 3598; x_wconf 89' lang='lat' dir='ltr'>uel</span> <span class='ocrx_word' id='word_1_245' title='bbox 1030 3545 1058 3598; x_wconf 89' lang='lat' dir='ltr'><strong><em>Z</em></strong></span> <span class='ocrx_word' id='word_1_246' title='bbox 1078 3561 1148 3601; x_wconf 66' lang='lat' dir='ltr'>corsa</span> 
     </span>
     <span class='ocr_line' id='line_1_33' title="bbox 131 3612 1057 3686; baseline 0.001 -16"><span class='ocrx_word' id='word_1_247' title='bbox 131 3612 255 3684; x_wconf 72' lang='lat' dir='ltr'>Scaliyer</span> <span class='ocrx_word' id='word_1_248' title='bbox 329 3620 362 3669; x_wconf 91' lang='lat'>10</span> <span class='ocrx_word' id='word_1_249' title='bbox 380 3615 532 3671; x_wconf 84' lang='lat' dir='ltr'>dialeticon</span> <span class='ocrx_word' id='word_1_250' title='bbox 552 3615 578 3668; x_wconf 85' lang='grc' dir='ltr'><em>Τ</em></span> <span class='ocrx_word' id='word_1_251' title='bbox 601 3615 762 3686; x_wconf 85' lang='lat' dir='ltr'>dyaleticon</span> <span class='ocrx_word' id='word_1_252' title='bbox 782 3617 821 3670; x_wconf 82' lang='lat' dir='ltr'><strong><em>M</em></strong></span> <span class='ocrx_word' id='word_1_253' title='bbox 892 3622 924 3670; x_wconf 84' lang='lat'>12</span> <span class='ocrx_word' id='word_1_254' title='bbox 944 3615 1057 3685; x_wconf 78' lang='lat' dir='ltr'>qnidG</span> 
     </span>
    </p>
   </div>
   <div class='ocr_carea' id='block_1_7' title="bbox 0 0 1220 4274">
    <p class='ocr_par' dir='ltr' id='par_1_8' title="bbox 0 0 1220 4274">
     <span class='ocr_line' id='line_1_34' title="bbox 0 0 1220 4274; baseline 0 0"><span class='ocrx_word' id='word_1_255' title='bbox 0 0 1220 4274; x_wconf 95' lang='lat' dir='ltr'> </span> 
     </span>
    </p>
   </div>
  </div>
 </body>
</html>
