2430 4274
365 27 1213 293 ffi-

623 1237 683 1305 III.

438 1401 870 1491 <DOMEST10A>

92 1629 167 1682 riano
180 1628 307 1679 nusum]
513 1608 562 1663 DE
582 1607 793 1664 HEREDIOLO

234 1717 315 1784 Cum
348 1718 387 1782 de
419 1718 543 1804 palatio
580 1723 657 1802 post
688 1719 809 1785 multos
841 1740 942 1785 annos
975 1718 1160 1784 honoratis-

146 1808 261 1891 simus,
285 1807 405 1892 quippe
428 1808 495 1871 iam
518 1807 646 1892 consul,
669 1806 805 1873 redisset
828 1807 869 1871 ad
892 1807 1043 1892 patriam,
1066 1807 1161 1872 uillu·

146 1896 225 1979 lam,
248 1918 346 1980 quam
369 1901 462 1979 pater
484 1895 671 1980 reliquerat,
693 1897 913 1981 introgressus
936 1895 988 1960 his
1011 1895 1161 1961 uersibus

145 1986 224 2049 lusit
247 1984 414 2050 Luciliano
438 1984 528 2050 stilo:

146 2122 256 2208 Salue,
278 2124 494 2208 herediolum,
516 2125 676 2191 maiorum
699 2148 800 2212 regna
823 2148 982 2210 meorum,

191 2212 460 2299 Quod'proauus,
485 2214 570 2297 quod
594 2236 688 2293 auus,
712 2215 797 2299 quod
820 2219 912 2298 pater
936 2215 1089 2297 excoluit,

147 2302 239 2378 Quod
264 2302 343 2366 mihi
366 2303 432 2367 iam
457 2303 566 2367 senior
588 2308 764 2388 properata
786 2308 892 2369 morte
914 2303 1057 2387 reliquit:

191 2389 284 2455 Eheu
307 2392 473 2457 nolueram
497 2395 564 2456 tam
589 2393 653 2456 cito
675 2413 770 2476 posse
793 2392 871 2457 frui!

146 2478 237 2546 Iusta
260 2481 390 2564 quidem
414 2482 512 2545 series
536 2481 621 2564 patri
645 2480 827 2563 suooedere,
850 2502 963 2546 uerum
1145 2497 1161 2546 5

190 2569 272 2634 Esse
297 2571 392 2634 simul
415 2570 562 2635 dominos
587 2569 711 2653 gratior
735 2569 813 2634 ordo
837 2570 911 2654 piis.

146 2656 241 2723 Nune
263 2658 356 2723 labor
380 2665 412 2722 et
435 2681 529 2725 curae
552 2680 624 2723 mea
648 2664 738 2743 sunt,
762 2659 832 2723 sola
855 2661 930 2722 ante
954 2658 1107 2743 uoluptas

191 2746 342 2810 Partibus
366 2748 400 2810 in
424 2748 560 2829 nostris,
586 2751 694 2812 cetera
717 2747 820 2830 patris
844 2751 944 2812 erant

146 2832 287 2898 Paruum
310 2834 524 2917 herediolum,
546 2836 663 2917 fateor,
689 2840 738 2901 set
760 2837 851 2901 nulla
873 2835 937 2899 fuit
959 2857 1012 2900 res

191 2927 296 2986 Perua
314 2944 469 3005 umquam
488 2924 698 3008 aequanimis,
717 2925 797 2989 adde
817 2925 915 2990 etiam
936 2924 1107 2988 unanimis.
1129 2942 1161 2991 10

146 3009 196 3075 Ex
221 3009 329 3075 animo
348 3032 416 3074 rem
436 3015 523 3078 stare
542 3034 680 3097 aequum
699 3017 788 3097 puto,
806 3034 873 3078 non
892 3013 1037 3078 animum
1057 3034 1097 3077 er
1116 3035 1162 3079 re.

191 3096 316 3164 Cuncta
341 3101 430 3183 eupit
452 3099 604 3186 Croesus,
629 3101 792 3188 Diogenes
815 3103 968 3167 nihilum:

100 3277 129 3330 V
217 3275 229 3328 l
248 3292 334 3327 mcmr
352 3294 387 3328 aa
406 3294 537 3328 sermono
553 3293 701 3331 rmrnrro
716 3297 743 3332 ru
757 3295 841 3330 raon
859 3275 902 3346 Vl
918 3294 986 3346 qum
1006 3277 1050 3347 Vl
1066 3277 1163 3348 pater]

145 3362 216 3415 puer
229 3345 364 3400 Heinsius
379 3348 384 3411 1
399 3345 511 3401 luciano
532 3346 558 3399 V
574 3347 777 3418 inrationalium
792 3353 818 3416 1,
834 3353 873 3404 20
891 3348 1051 3413 (LMiieller
1069 3348 1162 3405 Lucil.

143 3433 173 3484 p.
188 3421 256 3481 228,
275 3421 332 3471 tert.
347 3421 384 3471 40
400 3418 435 3484 cf.
450 3435 476 3471 u.
493 3419 509 3472 l.
525 3419 563 3472 ad
576 3423 633 3473 tesi.
648 3422 726 3487 241).
742 3424 813 3487 283)
831 3419 989 3475 Lucaniaeo
1008 3418 1079 3474 uilla
1092 3421 1161 3475 Art.

146 3485 179 3539 In
201 3486 366 3557 cyanostylo
389 3489 544 3558 similiaque
566 3491 710 3558 temptauit
731 3488 903 3545 Dereimeria.
979 3497 992 3546 1
1018 3490 1103 3546 Salbe
1126 3490 1163 3544 V¹

148 3558 152 3628 Ι
174 3558 329 3612 erediorum
353 3558 389 3611 V¹
457 3561 615 3629 2proabus
640 3560 666 3612 V
741 3567 757 3615 3
777 3561 899 3631 reliquid
918 3561 944 3614 V
959 3578 1028 3618 corr.
1048 3561 1163 3617 Sanun-

145 3631 279 3684 zarionua
333 3631 439 3685 4heeu
454 3629 481 3683 V
532 3633 660 3687 oberum
675 3630 714 3683 V¹
770 3633 883 3688 'ilauor
898 3632 935 3688 V¹
951 3635 955 3703 Ι
971 3648 1039 3688 oura
1053 3632 1163 3689 Venor.

146 3717 298 3803 Lugduni
321 3704 367 3774 dte
390 3719 417 3773 V
486 3723 638 3791 uparbum
657 3721 812 3778 erediolum
831 3722 857 3775 V
928 3727 960 3776 11
979 3723 1106 3777 restare
1127 3721 1164 3775 V¹

146 3808 203 3875 {res
222 3809 258 3893 fil.
278 3814 359 3880 corr.)
375 3813 380 3880 Ι
396 3826 497 3879 aequm
521 3810 548 3863 V
618 3817 650 3864 12
677 3809 808 3867 chroesus
832 3810 859 3864 V
880 3808 1008 3880 diogenis
1027 3807 1121 3866 nihili
1139 3814 1164 3882 (e

125 3894 228 3952 niln'lri
243 3898 279 3955 al.
302 3901 333 3957 in
352 3919 418 3975 raa,
440 3902 472 3960 ia
491 3919 579 3978 moro.
602 3913 641 3965 Ἀ
663 3901 730 3959 odd.
747 3901 834 3971 onim.
849 3917 886 3955 iu.
901 3899 929 3953 V
