2430 4274
523 584 563 594 -
610 548 745 637 68...

125 691 160 756 id
182 711 337 774 praesepe
360 693 488 756 uocant.
533 711 632 773 porro
656 690 720 755 1166
741 710 896 774 praesepe
920 695 1056 774 repente

127 781 154 844 si
178 800 248 843 sese
273 779 436 844 61666116
459 778 573 863 procul
596 778 736 862 auferat,
758 777 872 845 ardeat
894 782 1005 844 autem

126 887 289 951 congruus
313 868 410 933 aeriis
432 868 498 931 late
522 867 622 932 rubor
644 867 730 954 ignis
754 867 875 950 asellis,

39 972 107 1023 1666
125 977 329 1041 nequaquam
352 959 467 1020 tenues
491 955 665 1041 agitabunt
688 959 808 1042 stagna
829 957 1001 1041 procellae.

126 1049 162 1110 61
184 1046 213 1109 61
237 1045 395 1110 sideribus
418 1045 534 1110 similis
558 1045 613 1109 lux
637 1043 731 1109 duret
753 1044 858 1109 atilli

127 1137 233 1199 taetra
256 1135 299 1198 sit
321 1134 459 1219 effigies,
483 1133 576 1198 cadet
599 1134 674 1198 61116
696 1132 838 1198 nubibus
861 1133 969 1199 imber

126 1223 231 1288 lenior
253 1226 287 1287 et
309 1244 407 1307 parco
430 1244 507 1288 mox
529 1221 627 1287 tellus
651 1243 725 1287 rore
747 1221 902 1287 madebit

127 1312 183 1376 sed
206 1313 324 1377 boreae
348 1312 377 1375 si
399 1315 492 1395 parte
514 1311 615 1376 trucis
638 1311 732 1376 66161
752 1309 865 1397 indiga
887 1312 996 1377 166166

40 1416 108 1466 1665
129 1400 223 1465 616116
246 1399 436 1464 1661616616
461 1419 658 1465 marcescere
681 1399 823 1465 cernitur
845 1399 938 1484 igne,

127 1494 161 1554 et
182 1489 295 1573 procul
320 1488 454 1553 alterius
476 1487 555 1552 iuba
577 1489 643 1553 1616
664 1486 784 1574 flagrat
806 1488 914 1570 aselli,

126 1577 277 1661 protinus
300 1576 498 1660 Aethiopum
523 1579 636 1663 surget
658 1576 861 1642 conuallibus
885 1581 1006 1643 auster.

128 1669 163 1730 at
184 1666 318 1751 regione
341 1665 413 1730 6611
436 1665 464 1730 61
487 1666 591 1730 166616
615 1666 710 1730 stella
732 1669 896 1749 senescat,

128 1777 246 1820 saeuus
269 1754 425 1838 Riphaeis
449 1753 557 1838 aquilo
581 1753 755 1838 crepitabit
777 1753 819 1819 ab
843 1754 918 1819 oris.

41 1858 110 1909 1676
173 1843 260 1920 Quin
285 1846 317 1907 61
339 1843 476 1907 16116616
500 1863 579 1926 6666
601 1843 699 1908 rebus
722 1845 812 1907 66116
833 1842 1021 1928 frequenter

128 1932 223 2017 signa
245 1931 469 2015 procellarum.
514 1952 592 1995 nam
615 1953 688 1996 cum
711 1935 839 1997 traxere
862 1935 1025 1997 tumorem

129 2041 271 2104 aequora
293 2019 469 2103 prolixum,
493 2041 565 2084 cum
589 2020 688 2085 litora
710 2040 811 2084 curua
831 2021 991 2085 resultant

128 2111 245 2192 sponte
268 2108 379 2191 procul
403 2129 508 2193 neque
532 2109 697 2174 caeruleus
720 2108 884 2174 colliditur
906 2113 1031 2194 aestus,

129 2200 186 2262 661
209 2218 283 2261 6661
305 2198 447 2280 proceris
472 2201 582 2261 uertex
606 2197 640 2261 in
663 2198 828 2262 montibus
851 2198 940 2263 ultro

42 2302 110 2352 1615
129 2285 304 2371 perstrepit
327 2287 464 2370 aerium,
486 2291 603 2351 uentos
626 2287 748 2351 instare
770 2286 941 2351 docebunt.

173 2374 219 2439 Et
243 2396 316 2439 cum
338 2396 440 2458 parua
463 2375 544 2439 fulix
567 2375 695 2457 trepido
717 2376 802 2459 petit
824 2397 903 2440 arua
925 2374 1055 2459 uolatu,

131 2469 251 2549 stagna
274 2463 399 2548 sinens,
422 2463 602 2548 longasque
625 2464 722 2528 iterat
745 2464 896 2549 clangore
919 2465 1083 2549 querelas,

130 2552 254 2617 indicat
276 2553 399 2616 insanis
422 2551 507 2616 freta
530 2573 606 2616 mox
630 2573 798 2617 canescere
821 2553 936 2617 uentis.

130 2640 268 2725 denique
295 2663 367 2706 cum
391 2641 480 2705 caelo
503 2641 681 2705 tenduntur
703 2663 783 2725 pura
807 2663 934 2723 serena,

43 2745 111 2798 1686
131 2730 293 2795 6661111616
317 2729 393 2813 6616
417 2733 495 2794 sunt
516 2728 664 2813 flamina,
688 2730 811 2813 primus
834 2731 868 2793 in
890 2731 962 2813 ipsc
1158 2726 1211 2785 61

129 2840 205 2883 mox
228 2820 383 2902 picturati
407 2840 480 2884 cum
503 2818 604 2883 uertit
625 2819 766 2902 pectoris
790 2822 879 2882 artus

202 3104 277 3152 1657·
295 3098 324 3151 id
347 3114 360 3149 c
383 3095 413 3149 in
431 3098 459 3150 A
534 3104 603 3153 1668
626 3097 980 3153 66161616161166661611
999 3099 1026 3152 A
1047 3099 1148 3155 6616111

129 3169 295 3224 6611161616
334 3168 644 3223 1662661616166111
686 3171 1148 3239 16636616666616661161616

130 3239 258 3295 madebit
275 3259 289 3295 6
307 3256 398 3295 rorem
416 3240 513 3294 adebit
530 3241 559 3294 A
633 3245 701 3295 1561
719 3240 809 3295 iustae
826 3257 842 3295 6
861 3240 935 3295 16616
954 3242 1006 3295 Ae
1083 3248 1148 3297 1565

130 3309 246 3366 alterius
269 3330 282 3366 6
305 3311 479 3382 agitenusA
559 3317 627 3366 1668
651 3314 682 3365 61
703 3313 759 3365 cA
777 3313 805 3364 A
885 3317 953 3367 1669
977 3312 1149 3382 Riphaeise
1203 3340 1206 3345 ·

130 3380 265 3450 Ripheisa
290 3384 401 3450 (deleuit
423 3382 462 3451 A)
484 3381 621 3451 Rhipheis
644 3383 672 3435 A
694 3383 705 3451 1
727 3381 879 3451 crepitabit
900 3401 914 3436 6
941 3383 1102 3452 trepidabit
1124 3385 1149 3437 A

129 3467 157 3505 6.
178 3453 606 3508 16701666661666116611116
678 3458 746 3508 1671
767 3470 830 3507 cum
849 3456 958 3508 traxere
976 3455 1150 3511 1661616616

131 3524 264 3576 66611616
287 3523 387 3578 humor
405 3524 433 3578 A
506 3530 575 3579 1673
594 3524 773 3579 6661616666
797 3525 920 3579 ceruleas
938 3528 966 3579 A
989 3528 1149 3581 ceruleusc

131 3597 201 3646 1575
220 3595 319 3646 666166
338 3611 351 3647 6
369 3596 470 3649 uentus
488 3598 516 3649 A
582 3601 650 3650 1577
669 3593 834 3665 clangores
852 3595 967 3664 langore
986 3598 1014 3649 A
1083 3604 1148 3652 1679

130 3678 264 3716 serenae
288 3679 386 3720 661666
410 3669 437 3720 A
521 3672 590 3722 1666
613 3667 756 3722 saeuitum
776 3683 794 3721 6
817 3666 909 3721 Seruit
931 3682 983 3721 urs
1007 3671 1035 3722 A
1061 3669 1149 3725 Serui·

129 3734 229 3786 16166
314 3741 380 3789 1561
406 3737 541 3805 6161111611
563 3755 577 3793 6
599 3739 681 3808 picea
702 3737 758 3793 rati
780 3738 808 3792 A
826 3741 835 3807 ΙΙ
853 3754 917 3792 6661
940 3739 1029 3794 661111
1051 3742 1150 3810 scripsi

130 3803 164 3867 61.
185 3802 298 3859 Hermes
319 3805 407 3859 XIII
419 3825 447 3877 6.
467 3813 520 3864 361
541 3827 568 3863 a.
588 3813 625 3864 43
643 3808 783 3864 conuertit
801 3810 853 3863 Ae
