2430 4274
487 536 528 546 -·
575 516 644 566 cvn
694 537 731 546 -

95 666 164 726 383
190 656 372 744 (postquam
389 662 553 743 Gregorius
571 666 795 740 praefecturam
814 667 961 745 deposuit,
981 669 1033 729 sed
1052 672 1122 730 ante

190 752 333 813 Gratiani
355 746 472 828 necem)
497 753 689 813 Fastorum
711 755 840 831 libros,
868 775 944 833 quos
967 759 1120 833 opusculis

192 843 367 901 inserturus
394 844 485 912 esset,
518 842 653 918 expleuit
680 847 712 902 et
739 843 884 920 „Proculo
913 846 1057 924 Gregorio
1086 866 1122 907 ex

191 928 309 1008 praef.“
331 930 494 1006 inscripsit,
518 931 643 990 adiectis
666 932 826 1008 poematiis
844 933 891 991 HI
910 938 942 993 et
959 934 1022 992 IIII
1042 929 1122 1014 (150

191 1025 225 1080 et
250 1011 345 1100 149),
373 1037 458 1095 spem
485 1019 617 1079 excitans
640 1021 704 1080 fore
727 1024 762 1080 ut
784 1021 835 1080 ille
859 1027 929 1081 ante
952 1022 1123 1082 absolutam

191 1127 272 1186 quae
291 1126 380 1167 suurn
399 1108 589 1167 consulatum
603 1111 780 1185 sequeretur
794 1108 1005 1187 Olympiadem
1019 1112 1123 1170 consul

193 1201 225 1257 et
239 1197 305 1273 ipse
321 1197 406 1256 fieret
421 1199 498 1265 (1113
513 1201 583 1256 scire
599 1201 677 1271 cupis
691 1203 740 1271 qui
754 1202 825 1257 sim?
843 1203 967 1271 titulum,
983 1203 1032 1272 qui
1041 1221 1122 1272 quar-

192 1296 239 1346 tus
259 1289 296 1345 ab
314 1289 371 1344 imo
389 1293 440 1358 est,
459 1306 575 1358 quaere:
595 1290 672 1360 leges
685 1307 787 1346 nomen
802 1292 922 1347 consulis
936 1292 1072 1360 Ausonii),
1091 1287 1122 1346 id

193 1375 275 1452 quod
296 1377 366 1450 post
384 1372 522 1434 Gratiani
540 1374 697 1434 interitum
715 1379 779 1436 tem
797 1380 878 1437 certo
898 1377 1043 1454 spondere
1063 1395 1122 1436 non

191 1463 354 1540 potuisset

103 1572 166 1632 383
193 1569 396 1646 Epicedion
434 1568 476 1629 ad
512 1573 652 1646 patrem
690 1571 761 1630 olim
798 1571 960 1649 scriptum,
997 1572 1058 1631 iam
1090 1571 1121 1631 iu

194 1659 410 1735 opusculorum
433 1659 540 1718 seriem
563 1659 830 1733 relatum·(pr.1a:
849 1664 968 1733 imagini
985 1664 1073 1733 ipsius
1091 1663 1122 1718 hi

193 1757 292 1794 uersus
315 1739 465 1808 subscripti
488 1742 554 1793 sunt
576 1756 667 1808 neque
692 1739 783 1793 minus
802 1740 832 1793 in
850 1740 1047 1809 opusculorum
1066 1756 1123 1794 me·

194 1827 275 1865 orum
294 1810 395 1865 seriem
414 1809 509 1864 relati:
528 1811 582 1864 hoc
600 1809 735 1878 relegisse
755 1814 837 1876 amo).

105 1909 171 1969 383
198 1901 285 1986 (aute
305 1909 324 1966 6
344 1905 392 1967 Kl
412 1904 507 1982 Sept.)
539 1906 655 1983 prima
686 1908 943 1982 opusculorum
970 1906 1122 1966 Ausonii

194 1995 378 2055 conlectio
411 2014 479 2054 cum
511 1995 747 2071 praefationibus
780 1997 818 2056 ad
851 1997 992 2055 lectorem
1021 2000 1052 2056 et
1080 1996 1122 2055 ad

195 2084 389 2161 Syagrium
420 2088 508 2152 (Paef.
529 2089 541 2142 l
560 2095 594 2143 30
614 2089 681 2142 dum
699 2089 770 2143 nulli
789 2090 874 2145 fuerit
893 2089 1046 2159 discipulus
1065 2106 1122 2144 me·

195 2165 261 2220 lior.
295 2169 329 2217 34
347 2182 412 2219 narn
431 2181 510 2218 meus
528 2164 575 2218 hic
592 2168 654 2220 toto
674 2171 774 2234 regnat
788 2168 816 2220 in
831 2166 898 2221 orbe
914 2184 973 2222 suo.
1002 2172 1036 2220 37
1057 2182 1121 2220 con·

195 2238 240 2290 sul
263 2237 374 2305 collega
397 2237 552 2304 posteriore
570 2236 619 2290 fui.
649 2241 684 2290 40
703 2242 734 2290 tu
753 2239 862 2305 (lector)
880 2256 915 2292 ne
934 2242 1028 2292 temne
1047 2237 1123 2304 quod

194 2308 271 2362 ultro
285 2311 435 2376 patronum
448 2309 549 2361 nostris
564 2312 593 2361 te
606 2324 674 2375 paro
689 2311 865 2363 carminibus.
894 2308 920 2361 ll
935 2315 951 2362 3
967 2307 1122 2377 (Syagrio):

194 2385 290 2433 nostro
308 2378 452 2448 praefatus
471 2378 610 2432 habebere
629 2379 718 2444 libro).

101 2471 170 2538 383
195 2469 320 2534 'Ydacio
353 2471 505 2554 episcopo
533 2468 681 2553 Hispano
715 2469 918 2552 supplicante
952 2468 1077 2532 elicitur
1104 2489 1123 2532 a

196 2557 353 2623 Gratiano
384 2559 591 2641 rescriptum,
623 2580 688 2642 quo
716 2556 859 2621 uniuersi
886 2555 1041 2620 haeretici
1070 2577 1124 2619 ex-

195 2647 307 2712 cedere
327 2646 469 2711 ecclesiis
488 2647 623 2711 urbibus
643 2653 675 2710 et
695 2650 787 2710 extra
804 2666 915 2708 omnes
931 2647 1036 2709 terras
1051 2666 1125 2728 pro·

196 2736 274 2819 pelli
297 2735 491 2800 iubebantur
514 2745 629 2814 (Sulpic.
650 2744 742 2799 Seuer.
763 2745 857 2799 chron.
876 2744 902 2797 Il
917 2750 960 2811 47,
975 2744 1012 2807 6).

195 2824 231 2888 in
252 2824 399 2889 Gratiani
424 2825 498 2888 aula
520 2846 579 2907 per
601 2823 768 2887 libidinem
793 2827 826 2887 et
847 2823 1027 2905 potentiam
1046 2845 1123 2906 pau-

195 2935 307 2978 corum
331 2918 448 2978 cuncta
472 2913 601 2977 uenalia
619 2918 735 2992 (Salpia.
756 2921 848 2975 Seuer.
869 2923 963 2975 chron.
984 2922 1011 2975 Π
1026 2928 1070 2988 4ο,
1084 2920 1121 2985 3).

102 3003 170 3071 383
191 3002 234 3067 in.
267 3001 541 3067 Priscillianus
570 3023 642 3065 oum
669 3001 805 3065 adseclis
829 3022 888 3084 per
911 2999 1123 3083 Burdigalam

195 3091 259 3156 iter
283 3092 439 3156 facientes
458 3090 605 3168 Romam,
628 3088 840 3154 Euchrotiam
861 3088 1026 3172 Delphidii
1051 3088 1122 3152 rhe-

195 3181 278 3245 toris
307 3180 477 3264 coniugem
505 3201 577 3243 cum
599 3178 737 3243 Procula
764 3179 833 3241 filia
861 3178 963 3241 errori
987 3200 1045 3242 suo
1069 3175 1124 3239 ad÷

196 3271 337 3354 iungunt
351 3277 467 3348 (Sulpic.
483 3277 575 3331 Seuer.
596 3277 690 3331 chron.
705 3278 731 3330 Il
746 3283 789 3347 48,
805 3283 820 3329 3
840 3277 874 3329 cf.
890 3276 965 3329 Prof.
981 3283 1005 3343 b,
1018 3281 1051 3330 37
1063 3273 1123 3342 sq.).

199 3357 328 3422 Britto
362 3355 429 3442 (uel
457 3353 676 3441 Britannias),
709 3356 878 3439 episeopus
907 3354 1125 3433 Treuerensis,

197 3445 358 3511 ithacium
377 3445 561 3530 Hispanum
586 3446 773 3529 episcopum
798 3467 815 3506 a
836 3442 1050 3507 Priscillianis
1074 3463 1125 3505 ex·

197 3535 328 3619 pulsum
351 3534 468 3618 recipit
491 3543 607 3613 (Sulpic.
627 3543 721 3597 Seuer.
741 3543 835 3596 chron.
849 3543 875 3596 ll
890 3547 932 3608 49,
947 3542 984 3606 4).

197 3630 297 3689 nescio
331 3648 369 3688 an
398 3628 438 3688 de
468 3628 586 3687 Siluio
615 3627 783 3686 Brittone
811 3627 923 3702 epigr.
950 3623 1124 3684 107-112

197 3718 237 3776 ad
258 3718 429 3778 Brittonem
456 3718 543 3776 illum
570 3716 766 3775 inludendum
795 3715 908 3790 scripta
935 3714 1125 3781 sint(10'1‚1

196 3799 248 3866 qui
267 3799 392 3854 carmina
409 3803 506 3854 nostra
524 3797 645 3852 lacessit
679 3796 799 3850 eundem
819 3793 890 3849 Zoili
907 3794 1020 3847 nomine
1040 3786 1127 3859 signi-

197 3869 276 3924 ficari
294 3869 417 3925 conicias
436 3871 472 3925 ab
491 3868 615 3924 Ausonio
634 3869 662 3923 iu
682 3866 827 3937 Cupidinis
845 3864 1040 3935 praefatione).
