2430 4274
365 17 1213 301 ffi-

532 512 850 586 -96-'

134 678 284 745 Creditur
307 679 515 765 occultosque
539 683 627 744 satus
651 684 684 745 et
707 684 856 764 tempora
878 679 966 746 uitae

131 768 280 834 Materno
304 766 448 833 ducenda
470 773 563 832 utero
587 768 727 833 formare
751 768 888 834 uidendo

132 857 177 922 Et
199 855 343 922 nondum
368 859 499 921 exortae
522 857 611 942 leges
635 878 817 939 conponere
841 857 937 922 uitae.
1116 875 1149 925 ιο

132 944 282 1029 Namque
305 945 362 1009 ubi
384 948 558 1028 conceptus
583 945 718 1029 genitali
742 944 897 1010 insederit
920 966 1014 1026 aruo,

132 1032 223 1100 Haut
245 1033 379 1097 dubium
403 1031 513 1098 Solem
536 1034 724 1118 cuicumque
747 1034 898 1098 insistere
922 1034 1026 1118 signo.

133 1122 196 1200 Qui
220 1144 293 1187 oum
314 1121 416 1186 nicini
440 1122 616 1187 stationem
639 1123 760 1205 ceperit
783 1122 876 1200 astri,

133 1208 314 1295 Contiguos
336 1209 463 1274 nullum
487 1209 685 1274 transfundit
708 1211 819 1275 lumen
842 1211 876 1275 in
899 1215 1000 1276 ortus.

133 1299 196 1363 Ast
218 1298 275 1363 nbi
299 1298 464 1363 conuersis
487 1302 564 1383 post
586 1303 753 1363 menstrua
775 1304 923 1382 tempora
946 1299 1085 1366 habenis
1116 1317 1147 1367 1⁶

132 1384 268 1452 Scandit
290 1408 453 1470 purpureo
477 1386 542 1451 iarn
566 1388 664 1452 tertia
687 1387 793 1453 sidera
816 1410 925 1471 curru,

132 1475 275 1561 Obliqua
297 1476 412 1539 exilem
437 1473 580 1538 demittit
602 1475 690 1540 linea
712 1475 831 1559 lucem,

133 1563 313 1646 Adspirans
336 1566 450 1628 tennes
473 1584 533 1646 per
554 1565 673 1629 inertie
695 1565 838 1648 pondera
860 1568 977 1630 motus.

57 1691 59 1695 ·
132 1652 257 1730 Quarta
280 1653 315 1716 in
338 1652 412 1716 sede
436 1652 526 1737 uiget
548 1653 646 1736 primi
668 1652 873 1739 indulgentia
895 1649 993 1736 Solis,

132 1737 254 1807 Suadet
276 1744 309 1805 et
332 1740 459 1805 infusus
483 1743 611 1805 teneros
636 1742 815 1807 coalescere
837 1741 932 1807 fetus.
1112 1759 1147 1809 1ο

131 1829 256 1915 Fulgor
278 1834 452 1913 tetragono
476 1829 615 1913 adpeotu
639 1831 739 1896 uitale
762 1833 924 1912 coruscat,

131 1916 262 1984 Clarum
286 1921 319 1982 et
341 1917 413 1982 lene
436 1917 575 2001 micans,
598 1919 701 2003 quinti
725 1920 779 2004 qui
802 1918 929 1985 cardine
952 1919 1039 2004 signi

131 2005 254 2071 Incutit
278 2005 455 2070 attonitam
477 2010 629 2090 uegetato
653 2007 777 2072 infante
799 2010 975 2092 parentem.

131 2093 218 2159 Nam
240 2098 332 2159 sexto
355 2095 406 2158 uis
429 2094 520 2158 nulla
542 2095 627 2178 loco,
651 2097 727 2179 quia
753 2096 845 2160 nulla
866 2094 978 2161 tuendi

131 2181 273 2268 Aequati
296 2182 408 2247 lateris
433 2183 582 2267 signatur
604 2184 719 2269 regula
741 2183 883 2250 Phoebo.
1112 2201 1145 2250 25

133 2273 197 2336 Ast
220 2270 277 2336 ubi
300 2270 475 2355 signiferae
497 2271 603 2336 media
626 2273 660 2337 in
684 2272 817 2358 regione
841 2272 986 2337 cohortis

134 2358 300 2446 Septimus
324 2361 450 2443 accepit
472 2359 565 2425 limes
589 2361 760 2427 rutilantia
781 2360 920 2426 flammis

132 2448 236 2516 Recto
260 2452 368 2514 eastra
391 2450 469 2513 situ:
492 2450 654 2534 turgentis
678 2449 809 2515 foedera
830 2453 943 2534 partus

133 2537 204 2604 Iam
228 2539 324 2624 plena
347 2538 407 2602 sub
432 2538 503 2603 luce
525 2538 627 2621 uidet,
650 2560 709 2604 nec
732 2538 860 2623 fulgura
884 2539 973 2621 parci

135 2627 284 2692 Luminis
307 2627 478 2691 intendens
501 2629 573 2691 toto
596 2626 686 2690 fouet
708 2627 783 2712 igne
806 2647 951 2692 coronae.
1113 2642 1148 2692 30

134 2713 223 2781 Hinc
246 2715 342 2792 illud,
367 2715 453 2799 quod
476 2716 638 2799 legitimos
661 2713 784 2780 Lucina
806 2715 935 2780 labores

133 2802 310 2868 Praenenit
332 2808 365 2867 et
389 2803 542 2886 grauidos
566 2803 665 2868 sentit
689 2804 862 2888 subrepere
884 2803 979 2869 nixus

133 2891 223 2955 Ante
246 2894 450 2974 expectatum
473 2891 592 2957 festina
614 2913 773 2976 puerpera
795 2898 916 2957 uotum.

203 3053 219 3101 8
238 3063 311 3113 quae
330 3049 407 3102 satos
430 3049 456 3103 V
477 3064 546 3104 corr.
563 3048 687 3118 Scotiper
760 3053 793 3101 10
812 3049 925 3102 exorate
949 3046 977 3102 V
992 3064 1060 3105 corr.
1080 3048 1148 3103 Sca·

134 3119 202 3187 fiper
270 3123 301 3171 11
322 3134 390 3173 arno
410 3119 545 3175 Heiaeiuo
565 3119 703 3175 Graeciae
722 3120 791 3188 (coll.
816 3118 916 3189 Verpd.
937 3119 971 3173 G.
991 3119 1056 3173 ΙΙΙ
1073 3122 1148 3186 136),

133 3187 199 3242 albo
219 3187 249 3258 (b
267 3190 299 3243 in
316 3207 334 3244 v
353 3190 448 3258 at.)V
521 3196 553 3244 11
571 3193 621 3246 aut
646 3190 681 3244 Vl
706 3189 821 3243 denium
846 3190 872 3243 V
935 3194 967 3243 14
986 3189 1147 3261 contignos:

133 3259 297 3329 gea-MV
349 3267 382 3315 15
401 3261 664 3317 conuersisziexu
685 3259 888 3332 VlabenisV
941 3266 1046 3331 lepor
1067 3277 1147 3317 nreo:

132 3346 201 3385 oea
219 3349 237 3384 u
260 3330 295 3384 V·
359 3338 391 3386 11
416 3331 548 3406 obliquae
573 3333 636 3400 (titt.
657 3349 672 3406 e
691 3333 809 3398 inferior
830 3347 898 3400 pars
915 3336 1006 3400 noea)
1076 3348 1148 3387 corr.

129 3400 260 3470 Lacydon.
278 3404 282 3469 Ι
298 3401 418 3456 dimittit
432 3403 458 3456 V
469 3419 537 3457 corr.
548 3403 683 3458 floridus
733 3408 766 3456 10
785 3401 892 3457 infusos
908 3401 934 3455 V
945 3401 1148 3473 eomo'eauper

129 3473 187 3538 2,3
242 3477 275 3525 11
295 3473 437 3542 tetrigono
458 3473 484 3526 V
500 3489 568 3528 coer.
589 3474 723 3544 Vinctus!
744 3475 876 3542 aspectus
899 3472 927 3527 V
941 3488 1011 3528 corr.
1032 3472 1148 3529 Vinctus

175 3583 208 3631 11
228 3577 276 3646 qni
295 3578 418 3649 Scaliyer
436 3583 493 3645 2,3
513 3557 531 3648 d
551 3580 577 3632 V
597 3595 651 3650 que
671 3596 686 3634 e
705 3579 819 3634 Schenkl
890 3584 925 3633 15
947 3578 1044 3648 phebo
1069 3579 1096 3632 V

129 3653 163 3702 16
188 3647 304 3719 signifer
327 3655 351 3704 ct
375 3651 503 3705 cohortes
527 3650 553 3703 V
576 3666 645 3706 corr.
665 3650 788 3721 Scaliger
851 3654 884 3704 18
903 3649 1001 3706 federa
1025 3650 1052 3704 V
1112 3656 1146 3705 11

128 3736 223 3807 plene:
242 3755 256 3792 e
276 3738 312 3792 ol.
331 3755 412 3793 reeca
435 3738 482 3791 V¹¹
502 3741 507 3805 1
533 3739 585 3792 litt.
604 3737 656 3792 snb
674 3739 720 3793 luc
738 3741 771 3792 ia
789 3754 845 3794 ros.
865 3737 892 3790 V
960 3743 996 3792 80
1015 3723 1147 3797 intddens

128 3812 153 3876 (ὂ
175 3809 210 3864 αἱ.
231 3810 262 3864 in
280 3813 346 3877 ras.)
373 3809 416 3879 Vt
438 3808 518 3865 fobet
537 3809 580 3878 Vt
601 3826 722 3882 coronae
747 3809 773 3860 V
842 3815 875 3864 31
902 3808 968 3864 illut
992 3810 1042 3878 Vl
1067 3811 1148 3866 laue-

128 3896 172 3934 ree
195 3878 230 3933 V¹
304 3886 336 3934 31
361 3879 505 3950 subripere
530 3880 556 3935 V
576 3897 644 3936 corr.
666 3881 795 3949 lapdon.
