2430 4274
482 526 721 592 -199-

101 686 265 772 attigisse.
286 707 383 770 quem
398 706 459 772 ego
473 706 587 751 uerum
600 685 706 751 dicere
720 684 857 765 fatebor,
873 687 967 772 iuste,
979 688 1118 774 negabo.

102 776 224 860 quippe
246 775 275 839 si
297 775 402 840 bonus
425 777 485 859 eet,
507 795 590 858 quae
612 773 717 857 omisi,
738 795 806 839 non
824 775 929 841 oblite
947 775 1037 860 mihi,
1060 777 1117 842 sed

102 863 281 948 praeterite
304 863 476 928 existimet.
512 863 628 928 dehine
646 863 891 948 qualiscumque
910 869 973 950 est,
996 865 1118 951 cogitet

103 973 228 1035 secum,
255 975 353 1036 quem
380 952 484 1016 multe
512 951 550 1016 de
578 950 630 1016 hie
657 973 726 1017 non
752 953 962 1035 repperisset,
991 954 1019 1017 si
1046 955 1117 1038 ipse

103 1041 293 1125 quaesisset.
327 1041 409 1106 sciet
428 1042 529 1105 etiam
547 1062 599 1104 me
617 1062 723 1125 neque
742 1041 893 1106 omnibus
908 1041 1008 1106 erutis
1022 1063 1117 1108 usum
1134 1059 1170 1108 45

102 1133 138 1194 et
160 1128 353 1214 quibusdam
380 1128 500 1195 oblatis
528 1130 674 1194 abusum.
720 1151 817 1214 quam
840 1129 945 1195 mults
968 1131 1054 1195 enim
1077 1131 1117 1197 ds

101 1218 247 1283 ternario
271 1219 375 1283 sciens
398 1218 546 1303 neolsgo!
574 1223 724 1301 tempora
751 1221 784 1282 et
805 1239 975 1303 personas,
998 1239 1117 1305 genere

102 1311 136 1371 et
149 1306 280 1392 gradus,
298 1328 417 1371 nouem
435 1307 596 1371 naturalia
609 1311 715 1371 metra
733 1328 807 1371 oum
825 1307 990 1392 trimetris,
1009 1311 1116 1372 totam

101 1396 351 1480 grammaticam
383 1400 416 1459 et
446 1396 605 1460 musicam
637 1396 802 1479 librosque
838 1395 1030 1481 medieiuae,
1066 1401 1117 1460 ter

100 1485 280 1548 maximum
300 1483 443 1548 Hermen
468 1488 500 1548 et
522 1489 701 1550 amatorem
723 1486 865 1567 primum
887 1483 1115 1568 philosophiae
1134 1501 1169 1550 5ο

100 1570 324 1656 Varronisque
356 1594 508 1637 numeros
540 1577 575 1637 st
605 1572 761 1657 quidquid
792 1572 965 1656 profanum
997 1573 1115 1658 uulgus

99 1661 242 1746 ignoret
286 1664 465 1745 postremo,
492 1661 579 1745 quod
606 1661 700 1727 facile
728 1665 790 1741 est,
817 1683 892 1726 eum
918 1663 988 1744 ipss
1011 1661 1116 1727 multa

99 1749 277 1834 inuenerit,
312 1755 480 1834 eomparet
517 1771 551 1813 se
583 1755 682 1834 alque
713 1770 782 1832 me,
818 1755 1009 1833 occupatum
1042 1771 1116 1814 eum

100 1839 219 1921 otioso,
236 1859 393 1921 pransum
412 1860 485 1904 eum
504 1838 673 1920 abstemio,
691 1839 798 1903 iocum
817 1843 850 1902 et
868 1838 979 1903 ludum
998 1859 1116 1921 meum,

98 1926 304 2013 diligentiam
323 1932 356 1992 et
374 1927 572 1992 calumniam
591 1948 693 1991 suam.
729 1925 812 1991 alius
832 1927 918 1991 enim
937 1927 1002 1992 elio
1021 1928 1115 2011 plura
1134 1943 1168 1992 55

99 2016 247 2080 inuenire
274 2020 396 2098 potest:
424 2037 520 2081 nemo
550 2016 667 2080 omnia.
714 2015 798 2099 quod
827 2015 855 2080 si
884 2015 981 2080 alicui
1005 2022 1038 2080 et
1061 2015 1115 2080 ob-

101 2126 215 2168 scurus
248 2103 396 2187 uidebor,
428 2108 508 2188 aput
540 2126 613 2168 eum
643 2126 694 2167 me
723 2105 769 2169 sio
796 2105 941 2169 tuebere:
972 2105 1115 2188 primum

101 2193 259 2257 eiusmodi
287 2193 421 2277 epyllia,
449 2193 513 2256 nisi
537 2193 589 2256 uel
613 2193 750 2258 obscura
778 2193 857 2274 sint,
884 2193 968 2257 nihil
989 2193 1113 2274 futura3

100 2280 215 2346 deinde
238 2303 445 2346 numerorum
462 2285 615 2346 naturam
632 2303 698 2346 non
716 2303 787 2359 sese
811 2283 967 2366 scirpum,
989 2285 1027 2345 ut
1045 2283 1115 2347 sins

98 2369 185 2434 nodo
205 2370 279 2434 sint
314 2374 478 2453 postremo
498 2370 526 2434 si
545 2371 643 2434 etiem
666 2370 728 2434 tibi
753 2371 909 2435 obscurus
932 2370 1039 2453 fuero,
1063 2371 1168 2435 enisu

98 2458 183 2523 nihil
214 2480 319 2544 neque
350 2480 417 2524 non
449 2459 569 2523 lectum
598 2463 648 2522 est
674 2480 778 2542 neque
804 2480 870 2523 non
902 2458 1113 2542 intellectum,

171 2608 204 2686 41
224 2633 374 2704 attigissesx
401 2649 415 2687 5
435 2635 466 2687 in
483 2649 537 2687 ras.
563 2632 590 2685 V
607 2634 612 2701 Ι
636 2631 758 2702 nelgabo
782 2631 809 2686 V
878 2636 912 2684 42
936 2630 959 2684 si
977 2647 1038 2685 oum
1056 2647 1112 2685 res.

97 2703 136 2758 al.
154 2719 236 2758 roser.
260 2703 288 2758 V
306 2720 356 2758 mn.
378 2704 406 2757 P
429 2709 433 2772 Ι
458 2703 592 2758 55551514
616 2703 620 2774 Ι
645 2705 688 2757 set
712 2703 748 2755 V¹
819 2708 854 2756 43
873 2701 1041 2771 praeterrita
1060 2701 1111 2773 Gi

98 2772 302 2843 qualiscunque
323 2774 364 2829 Te
436 2781 472 2829 44
489 2773 670 2846 repperisset]
696 2774 723 2829 V
781 2778 816 2827 45
835 2774 922 2828 etiam
940 2776 959 2841 (ἱ
976 2789 1021 2828 me
1039 2772 1065 2827 Τ
1084 2774 1114 2827 st

98 2862 162 2969 quq
173 2862 219 2899 me
236 2848 251 2899 2
267 2849 271 2914 1
287 2845 390 2917 neque]
409 2862 463 2914 que
482 2845 509 2899 V
528 2863 580 2901 neo
599 2844 645 2916 Gl
670 2845 757 2899 erutis
779 2843 833 2898 ΤΘ
856 2827 975 2898 eratis'l
994 2841 1113 2926 eruditis

101 2914 129 2970 V
212 2922 248 2970 45
268 2916 365 2988 quem]
385 2933 469 2986 quere
486 2917 514 2971 P
565 2921 599 2971 47
617 2915 736 2986 neolego
751 2916 778 2971 V
792 2916 912 2986 neglego
923 2916 951 2969 P
965 2914 1116 2985 negleer

98 2986 236 3056 (neglexit
253 2991 279 3056 2)
301 2991 305 3055 Ι
325 2991 355 3042 et
373 3003 505 3067 personas
523 3003 629 3059 genera
646 3004 697 3043 om.
717 2987 745 3042 P
804 2991 838 3041 49
858 2985 1042 3056 gramaticam
1061 2986 1110 3050 ΡΙ

96 3057 173 3113 libro
197 3058 225 3113 V
250 3060 255 3127 1
284 3058 441 3113 mediomae
466 3059 657 3114 trimaximnm
681 3058 708 3111 V
732 3057 835 3113 medici
852 3057 898 3112 nii
916 3057 1070 3113 maximum
1088 3057 1118 3112 P

97 3129 253 3184 medicinas
266 3133 311 3183 ter
324 3131 477 3183 maximum
488 3128 547 3184 GZ
599 3135 633 3184 50
652 3130 747 3184 herme
760 3128 972 3253 Pequmatoa
991 3130 1020 3199 (i.
1035 3144 1113 3183 ume-

96 3202 202 3270 torum)
223 3200 278 3265 ΡΙ
307 3199 497 3269 lhilosophiae
521 3201 549 3253 V
617 3206 651 3254 51
670 3198 804 3270 quioquid
854 3199 907 3270 ΖΙ
936 3199 1114 3269 prophanum

96 3271 188 3327 ΡΤΘ
258 3276 292 3325 52
311 3287 368 3325 non
385 3271 498 3339 ignorat
518 3272 544 3325 Τ
549 3278 562 3326 t
580 3271 647 3326 Par.
665 3273 669 3337 Ι
692 3266 718 3324 (l
736 3271 882 3326 Postremo
903 3269 950 3338 Pl
968 3272 1113 3340 postremo

97 3373 132 3382 —
153 3346 296 3412 comperet
314 3359 364 3397 om.
379 3341 422 3411 V}
439 3359 501 3396 enm
534 3345 566 3396 tu
582 3343 609 3395 P
662 3347 696 3396 53
716 3358 745 3396 se
763 3342 861 3412 atque]
882 3340 1027 3409 Soiatque:
1048 3340 1113 3396 Scia

95 3414 131 3468 ia
147 3429 202 3467 rae.
222 3414 259 3468 al.
283 3414 311 3469 V
380 3420 414 3468 54
437 3414 487 3468 abs
523 3413 594 3468 emio
621 3413 676 3468 PG
707 3412 853 3483 abjstemio
877 3415 900 3480 (s
919 3411 1031 3482 555559)
1054 3411 1081 3465 V

95 3484 209 3539 ludum:
227 3501 319 3540 meam
341 3484 367 3537 T
436 3492 470 3539 55
489 3502 570 3538 sunm
591 3483 618 3537 Τ
629 3486 635 3551 Ι
650 3484 737 3555 enim]
759 3499 804 3536 our
822 3481 851 3536 P
914 3489 948 3538 55
967 3483 1053 3537 alicui
1072 3485 1101 3539 et

96 3559 128 3609 et
145 3554 243 3610 om.V'
313 3561 347 3609 55
366 3555 509 3681 aputqu¹
530 3559 534 3620 l
554 3572 599 3609 ms
617 3572 668 3611 om.
694 3555 720 3606 V
789 3558 824 3608 58
842 3553 949 3624 epyllia
968 3554 1028 3609 PG
1046 3570 1113 3624 epy-

95 3624 140 3680 lia
156 3629 171 3680 2
190 3626 276 3697 epilia
296 3626 420 3696 Tpillia
477 3625 567 3694 {nicil
586 3625 715 3680 Vniehil
737 3625 765 3679 P
817 3630 851 3679 59
871 3624 977 3695 sirpum
998 3624 1112 3694 Tseyr·

94 3697 206 3767 pumG
260 3703 295 3752 60
313 3697 352 3752 sit
367 3698 404 3751 Τ·
419 3701 424 3766 Ι
440 3698 464 3751 si
478 3697 565 3752 etiem
579 3697 646 3768 tibi]
666 3697 715 3753 sed
733 3696 821 3752 etiem
839 3696 864 3750 si
881 3697 935 3751 tibi
952 3697 998 3766 ΡΙ
1014 3695 1112 3766 etism]

95 3770 154 3823 iam
174 3772 188 3822 2
248 3776 281 3824 61
301 3769 369 3823 nicil
391 3768 419 3823 V
439 3767 527 3823 nichil
547 3768 599 3838 ΡΙ
620 3785 677 3823 555
694 3767 813 3840 lectum]
832 3768 937 3822 lectum
955 3766 984 3821 P
1002 3767 1112 3838 neglec-

94 3893 159 3947 tum
178 3893 205 3946 Ζ
239 3909 296 3948 555
313 3843 427 3964 leotirl't
445 3897 545 3964 (neque
563 3908 621 3948 non
638 3891 815 3948 intellectum
832 3908 893 3960 om„
911 3892 958 3948 ssd
975 3893 1008 3947 in
1024 3906 1112 3961 musy.
