2430 4274
506 520 724 587 „55-

105 697 136 748 le
145 680 192 747 Et
212 683 412 765 praeceptor.
552 697 585 745 11
668 679 730 745 Et
754 679 950 746 rhetoricam

143 769 205 836 1110
229 769 388 854 superbae
549 784 583 834 ³6
684 767 789 835 Floria
813 768 917 834 adulti

141 857 274 923 Moenia
298 856 424 922 Romae
684 855 790 941 Fruge
813 862 991 941 carentem,

143 944 249 1011 Fama
272 951 305 1011 et
327 945 453 1010 meritis
638 943 730 1009 aaut
753 945 927 1010 conubium

145 1034 286 1100 1110111110
310 1033 413 1100 auxit:
547 1049 581 1099 ee
682 1032 802 1099 Nobile
824 1034 945 1098 soceris

99 1121 252 1189 10110101
274 1126 410 1206 utroque
566 1138 582 1186 0
682 1119 760 1186 Sine
782 1143 862 1205 pace
884 1122 1004 1206 patris,

139 1211 192 1276 Tu
215 1208 413 1298 Burdigalae
680 1210 727 1276 Et
748 1210 882 1276 diuitias

142 1299 267 1365 Laetus
289 1300 416 1384 patriae
681 1296 858 1384 Vtriusque
883 1298 953 1364 eine

139 1386 242 1454 Clara
264 1387 407 1453 cohortis
636 1403 671 1452 10
680 1385 808 1453 Herode
833 1387 958 1454 domus.

138 1474 273 1541 Vexilla
294 1496 424 1561 regens,
547 1491 581 1540 10
680 1473 872 1542 Solstitialie

94 1580 129 1630 10
141 1562 272 1630 Cuncta
293 1564 438 1630 habuisti
679 1561 780 1628 Velut
802 1564 904 1629 herba
926 1564 1011 1630 solet

140 1651 323 1718 Commoda
344 1652 419 1734 fati,
548 1666 580 1716 12
681 1650 874 1717 Ostentatue

139 1739 220 1806 Non
242 1741 314 1805 sine
336 1762 447 1807 morsu
546 1756 580 1806 11
683 1739 873 1825 Raptueque
897 1740 1007 1823 simul,

145 1827 266 1894 Grauis
288 1829 442 1894 inuidiae:
548 1844 584 1893 40
638 1827 809 1893 1οΡ1111010
831 1828 866 1893 in
889 1849 971 1894 aeuo

139 1915 264 1982 Omnia
285 1939 426 2001 praecox
549 1932 583 1982 20
683 1916 865 1982 Deseruieti

97 2003 293 2071 soFortuna
318 2006 379 2070 tibi
684 2004 770 2071 Vota
792 2009 938 2088 tuorum,

147 2093 248 2159 Dedit
273 2099 306 2160 et
327 2095 449 2179 rapuit:
682 2091 758 2159 Non
781 2095 944 2159 mansuris

114 2271 132 2320 8
152 2265 258 2321 Laetus
276 2267 385 2336 patriae
636 2265 769 2322 Conlatus
789 2285 850 2324 erae
1083 2273 1116 2322 30

154 2335 239 2391 Clara
258 2337 382 2393 cohortis
638 2336 690 2392 Ille
709 2355 826 2406 superne

154 2405 264 2461 Vixilla
280 2426 380 2479 regens
638 2409 750 2464 Moenia
768 2424 862 2464 romae
1143 2443 1146 2448 -

99 2484 133 2532 11
155 2477 265 2533 Cuncta
283 2479 388 2534 abuisti
637 2479 726 2533 Fama
745 2480 774 2532 et
791 2478 898 2534 meritis
1084 2484 1118 2534 88

170 2567 222 2624 col.
241 2572 286 2624 10
936 2566 985 2624 001.
1003 2566 1045 2622 at

97 2661 132 2710 12
153 2655 308 2712 Commoda
325 2656 378 2710 fati
637 2655 754 2712 Inclitue
773 2656 851 2711 aurit
1083 2660 1117 2710 89

152 2727 278 2796 Postque
296 2732 395 2796 petere
637 2725 737 2783 Grauis
755 2727 879 2783 inuidiae
1082 2731 1117 2781 10

151 2797 189 2853 nt
207 2800 355 2879 preceptor
636 2798 674 2853 Et
691 2799 841 2854 retoricam

97 2873 133 2923 10
151 2866 273 2924 Puluere
291 2886 321 2923 1n
339 2884 409 2923 aeuo
635 2868 726 2924 Floria
745 2870 837 2925 adulti

153 2937 312 2994 Deseruisti
636 2939 728 3010 Fruge
747 2942 888 2997 carentem
997 2950 999 2955 ’

151 3007 229 3065 Vota
246 3011 359 3065 tuorum
636 3011 674 3065 Et
691 3012 810 3068 conubio

150 3079 216 3135 Non
235 3081 374 3136 mansuris
636 3081 747 3137 Nobilis
766 3081 856 3137 oceris
1081 3086 1116 3135 10

152 3149 259 3206 Ornata
277 3152 357 3207 bonis
636 3151 702 3207 Sine
720 3168 788 3222 pace
807 3154 895 3223 patris

96 3227 135 3276 20
154 3221 258 3276 Omnia
275 3238 378 3291 precox
636 3221 673 3278 Et
690 3223 805 3279 diuitiae

153 3292 280 3348 Fortuna
297 3293 350 3348 tibi
634 3293 787 3363 Vtriusque
806 3295 905 3350 domus

152 3361 242 3417 Dedit
260 3366 289 3419 et
307 3365 401 3434 rapuit
634 3364 700 3420 Sine
719 3365 821 3420 herede
839 3369 889 3419 tuo

153 3432 321 3489 solstitialis
635 3434 725 3500 Quam
743 3435 882 3506 fatiloque
1080 3439 1115 3489 00

94 3509 133 3559 24
150 3503 239 3559 Velut
256 3505 345 3560 herba
363 3507 436 3563 solet
633 3506 715 3561 Dicte
733 3508 847 3577 profatu
1080 3509 1114 3560 01

171 3670 206 3721 10
224 3664 483 3735 10111οΜ9100.
575 3670 608 3719 13
631 3667 741 3738 patera]
765 3667 896 3723 Pataram
916 3666 977 3722 Tou
996 3666 1116 3720 Paterae

95 3734 223 3806 Scalipcr
243 3741 270 3804 1,
289 3741 324 3792 11
394 3742 426 3792 10
445 3735 553 3792 Pubere
571 3735 703 3806 Iaepdun.
767 3743 802 3793 11
821 3735 972 3793 conubium
991 3735 1115 3805 Scclipcr

95 3811 124 3873 1,
143 3813 178 3863 11
234 3813 269 3862 10
288 3807 384 3863 nobile
404 3808 555 3874 Parmam,
575 3807 677 3862 soceris
695 3807 827 3881 Lupdrm.
844 3813 849 3876 Ι
865 3808 955 3865 soceri
973 3806 1117 3863 Pectmams

132 3883 167 3933 18
187 3878 334 3948 utriusque
352 3878 413 3936 eine
428 3881 434 3949 Ι
449 3877 552 3935 herede
571 3893 621 3934 suo
640 3877 763 3950 Scatipcr
779 3885 806 3947 1,
825 3885 861 3935 11
