2430 4274
439 524 481 536 -·
526 506 690 555 Lxxxxul
738 528 776 539 -

182 667 265 712 aeuo
288 647 345 732 qui
367 647 531 732 floruerat,
554 670 664 714 senem
683 650 766 715 uidit
783 651 909 718 iuuenis
928 661 1015 728 (Prof.
1030 671 1055 732 4,
1070 663 1113 739 4);

184 735 325 890 Qvi?
337 734 506 892 1>Isueioli
538 738 751 823 condiscipuli
783 746 922 826 postque
957 745 1113 829 conlegae

183 893 248 960 His
267 897 362 960 annis
382 899 415 960 et
434 896 488 980 qui
504 898 606 962 secuti
621 901 698 962 sunt
711 898 934 965 familiaritate
949 901 1113 986 gaudebat

183 980 327 1049 Citarii
351 982 557 1068 Syracusani,
580 987 786 1071 grammatici
810 986 925 1053 Graeci
949 998 1035 1062 (Prot.
1059 1000 1111 1069 13),

182 1071 366 1157 Dynamii
384 1073 524 1138 rhetoris
544 1083 630 1147 (Prof.
646 1090 688 1152 aa,
706 1088 758 1152 12),
778 1075 991 1160 Nepotiani
1009 1080 1112 1145 multo

183 1161 315 1245 quidem
343 1162 477 1227 maioris
506 1171 591 1237 (Ptol.
613 1180 655 1241 15,
674 1179 699 1227 4.
721 1180 766 1227 14:
795 1175 918 1229 medella
940 1176 1030 1230 nostri
1048 1193 1112 1246 pec-

182 1247 254 1302 toris
269 1291 275 1304 .
292 1290 321 1304 ..
341 1248 446 1304 sodalis
465 1248 495 1302 et
513 1249 664 1316 concitetor,
683 1249 806 1318 hospes.
823 1292 828 1305 .
845 1293 852 1304 .
871 1249 974 1306 mentis
988 1252 1113 1321 agitator

182 1332 284 1397 meae).
337 1321 471 1386 Arborii
515 1322 551 1386 in
590 1323 698 1387 locum
736 1322 966 1410 Staphylius
1001 1325 1112 1390 rhetor

183 1415 386 1475 successerat
405 1410 490 1494 apud
509 1410 690 1476 Ausonium
711 1419 796 1485 (Prof.
811 1429 853 1492 20,
870 1425 932 1479 stu
950 1423 1021 1478 mihi
1035 1425 1111 1493 quod

183 1494 304 1564 genitor,
318 1497 394 1565 quod
403 1495 566 1564 auunculus,
580 1498 820 1566 nummumque,
835 1498 908 1553 alter
919 1503 949 1554 ut
960 1500 1109 1568 Ausonius,

186 1565 262 1620 alter
279 1568 312 1621 ut
330 1568 484 1635 Arborius).

93 1659 118 1702 o.
130 1659 161 1702 a.
172 1638 239 1704 334
253 1642 383 1705 tandem
393 1643 463 1725 ipse
473 1641 557 1725 apud
567 1640 818 1726 Burdigalenses
833 1663 975 1726 gramm
984 1643 1110 1707 uticae

184 1751 302 1794 munus
318 1730 388 1795 adit
400 1739 569 1804 (Praet'122
584 1740 682 1794 multis
696 1740 823 1794 conlatus
837 1740 951 1794 sednon
960 1739 1109 1804 subditus).

184 1815 281 1882 Haud
291 1818 389 1883 dubie
397 1818 461 1884 hoe
470 1819 542 1902 ipso
553 1823 699 1903 tempore
710 1818 908 1883 Attusiam
918 1817 1111 1883 Lucanam

186 1901 370 1971 Sabinam
383 1908 419 1970 in
433 1907 677 1972 matrimonium
692 1907 792 1984 duxit,
807 1907 897 1972 cuius
911 1912 1004 1991 pater
1014 1906 1110 1972 Attu-

189 1995 256 2059 sius
284 1994 434 2061 Lucanus
463 1995 602 2060 Talisiua
631 1995 876 2082 Burdigalensis
909 1995 1006 2080 paulo
1035 2002 1111 2062 ante

191 2090 262 2147 erat
276 2090 422 2150 mortuus
437 2093 511 2159 (Par.
526 2100 552 2161 8,
564 2101 595 2149 11
612 2095 729 2164 optabas
743 2098 775 2149 tu
789 2112 834 2149 me
847 2111 981 2165 generum
995 2094 1110 2150 florente

186 2166 316 2224 iuuenta:
336 2172 435 2239 optare
453 2172 508 2225 lroc
526 2172 646 2236 tantum,
665 2188 720 2226 non
739 2173 768 2225 et
786 2170 890 2225 habere
909 2171 1025 2240 datum).

94 2261 120 2304 c.
136 2262 167 2304 a
181 2242 247 2307 335
271 2243 468 2309 Ausonius
487 2244 607 2326 filius,
627 2266 721 2328 quem
741 2245 869 2329 peperit
888 2243 1017 2326 Sabina,
1035 2265 1110 2327 pue·

185 2331 276 2396 rulus
295 2333 367 2397 obit
390 2342 463 2407 (Par.
481 2341 533 2407 10).
571 2333 634 2398 duo
653 2336 768 2418 postea
787 2333 907 2398 liberos
927 2333 1112 2416 procreauit

184 2418 380 2505 Hesperium
403 2422 580 2506 incertique
603 2423 745 2485 nominis
768 2422 878 2485 filiam.

187 2507 324 2593 Aliquot
360 2512 453 2574 annis
490 2516 566 2594 post
602 2510 781 2573 rhetoricae
814 2530 931 2572 munus
965 2507 1111 2572 Ausonio

185 2597 329 2662 defertur
361 2622 380 2662 a
412 2599 547 2663 ciuibus.
600 2599 634 2662 in
667 2598 880 2682 grammatico
915 2617 1047 2660 munere
1083 2598 1112 2660 ei

187 2687 344 2751 successit
375 2688 527 2752 Acilius
561 2685 724 2751 Glabrio
758 2695 842 2761 (Prof.
863 2701 945 2764 24,5
970 2695 1111 2762 quondam

187 2788 276 2840 puero
295 2789 400 2842 conpar
419 2773 501 2839 mihi,
527 2772 681 2842 discipulus
700 2790 778 2841 mox,
796 2788 897 2840 meque
917 2771 1018 2825 dehinc
1036 2771 1112 2826 facto

186 2855 300 2910 rhetore
331 2856 562 2930 grammaticus),
595 2869 668 2911 cum
705 2847 830 2912 obisset
868 2845 1111 2911 Herculanus

188 2934 309 2999 sororis
343 2936 443 3016 filins,
476 2958 571 3020 quem
600 2940 633 3000 et
660 2936 852 3021 discipulum
882 2938 915 2998 et
942 2935 1111 3021 conlegam

187 3022 348 3087 habuerat
371 3031 456 3099 (Prot.
478 3041 519 3102 11,
540 3034 769 3104 improbetur
788 3033 896 3105 gremio
915 3033 950 3087 de
968 3037 1064 3087 nostro
1083 3035 1112 3087 et

188 3109 306 3163 schola.
323 3149 329 3162 .
346 3153 352 3165 .
372 3110 514 3179 particeps
529 3110 643 3164 scholae
658 3114 687 3165 et
701 3110 851 3166 cathedrae
867 3125 956 3178 paene
971 3125 1113 3164 successor

186 3208 275 3246 meaa.
308 3192 494 3257 cI.Par.17).
531 3191 662 3268 praeter
682 3184 823 3249 Acilium
843 3188 877 3247 et
897 3183 1111 3247 Herculanum

189 3271 337 3336 alumnos
378 3272 523 3337 habebat
565 3273 765 3337 Paulinum
805 3278 836 3337 et
873 3271 1111 3353 Tetradium,

187 3364 302 3443 postea
324 3359 570 3426 iculismensem
593 3364 834 3446 praeceptorem
859 3369 921 3440 (llp.
942 3370 981 3423 xl
1003 3378 1042 3426 17.
1058 3368 1111 3433 22).

187 3447 363 3513 forenses
383 3471 509 3534 quoque
529 3471 642 3515 causas
662 3472 858 3536 quamquam
877 3471 950 3514 raro
971 3449 1112 3532 suscepit

188 3533 291 3602 (Praef.
306 3534 319 3586 Ι
335 3540 367 3589 17
386 3552 436 3589 nec
450 3535 511 3589 tora
525 3553 582 3589 nou
597 3536 738 3590 celebrata
754 3536 831 3603 mth,
847 3536 895 3589 sed
911 3552 979 3589 cura
993 3533 1113 3589 docendi

188 3605 378 3745 ἓὲὲὶιὲἑταξῖ.
395 3605 460 3659 VIII
474 3612 509 3661 28
529 3603 560 3661 iv
578 3627 608 3661 τε
628 3606 692 3677 forp
712 3623 823 3669 causare
841 3625 871 3661 τε
890 3606 939 3660 καὶ
957 3607 1112 3676 ingratcror

94 3773 122 3816 c.
142 3773 169 3814 a
190 3756 255 3816 335
279 3755 452 3832 Epistula
473 3756 577 3814 XVIII
597 3757 640 3815 ad
662 3761 800 3834 patrem
824 3756 860 3815 de
883 3759 1022 3831 suscepto
1041 3754 1112 3812 filio.

187 3844 359 3920 EpIslula
387 3846 427 3905 de
452 3845 585 3906 ostreis
615 3850 649 3905 et
678 3845 865 3921 mussans,
897 3862 987 3918 quam
1006 3845 1112 3918 postea
