2430 4274
504 540 748 607 -408-

114 698 191 766 Non
214 704 310 765 erunt
331 701 472 766 honores
496 721 650 785 umquam
672 698 802 765 fortuiti
825 700 978 765 muneris.

115 788 208 856 Clam
233 810 390 874 coarguas
412 789 643 874 propinquum,
667 810 763 874 quem
785 788 897 872 pelam
922 788 1112 855 laudausris.

114 877 287 943 Puiehrius
311 878 415 943 multo
438 878 546 963 pareri
570 900 668 963 quem
691 878 794 943 creari
817 877 972 943 nobilem.

116 963 213 1032 Certe
237 966 266 1031 si
289 966 418 1032 decreta
442 970 600 1051 sorsest,
625 965 702 1051 quid
726 967 833 1031 caueri
855 965 1026 1050 proderit?

117 1053 193 1121 Siue
217 1058 294 1120 sunt
315 1056 440 1120 incerte
463 1059 591 1138 cuncta,
615 1053 694 1140 quid
715 1055 832 1119 timere
855 1053 1031 1121 conuenit?
1093 1067 1124 1117 33

59 1265 95 1308 Π
109 1265 166 1316 [314]
385 1245 523 1302 CHILON
539 1244 863 1301 LACEDAEMONIVS.

114 1371 201 1439 Nolo
225 1373 331 1438 minor
354 1395 405 1437 me
428 1373 544 1438 timeat
569 1373 790 1459 despicietque
812 1373 926 1437 maior.

115 1459 199 1526 Viue
223 1481 348 1526 memor
370 1463 499 1545 mortis,
522 1462 603 1526 item
625 1462 701 1527 uiue
724 1482 848 1527 memor
869 1460 1002 1543 salutis,

115 1549 237 1614 Tristia
260 1553 374 1614 cuncte
398 1571 592 1634 exsuperans
616 1555 674 1616 eus
696 1550 819 1634 animo,
840 1553 899 1614 aus
921 1550 1035 1615 amieo.

114 1637 164 1703 Tu
188 1637 268 1703 bene
291 1638 319 1703 si
342 1638 421 1723 quid
442 1639 559 1721 facies,
581 1660 641 1704 nee
664 1638 850 1704 meminisse
871 1636 924 1703 fes
948 1642 1011 1721 est3

115 1725 204 1803 Quae
226 1726 309 1792 bens
332 1727 419 1792 fecte
443 1728 597 1812 accipias,
620 1730 778 1812 perpetuo
802 1730 975 1792 memento.
1092 1741 1123 1789 40

115 1812 219 1880 Grata
242 1819 390 1881 senectus
412 1816 550 1900 homini,
574 1837 655 1900 quae
678 1816 792 1900 parilis
814 1815 979 1880 iuuentae:

115 1902 179 1968 Illa
201 1904 334 1969 iuuenta
357 1908 408 1969 est
431 1904 576 1989 grauior,
600 1925 684 1988 quas
708 1904 824 1968 similis
847 1908 1006 1969 senectae.

58 2113 107 2155 vn
121 2114 179 2162 [ers]
407 2094 639 2150 ANACHARSIS
658 2093 831 2151 SOYTHES.

114 2219 222 2304 Turpe
246 2220 323 2304 quid
347 2243 484 2286 ausurus
507 2226 540 2286 ts
564 2222 634 2286 sine
657 2224 742 2286 teste
766 2221 855 2286 time.

113 2306 195 2374 Vite
218 2309 316 2393 perit,
339 2310 454 2376 mortis
479 2310 585 2396 gloria
607 2332 673 2376 non
696 2311 844 2376 moritur.

114 2395 207 2473 Quod
231 2398 375 2464 facturus
400 2399 479 2483 eris,
502 2399 609 2464 dicere.
632 2398 806 2464 distuleris.
1095 2415 1124 2462 45

115 2484 202 2552 Crux
225 2490 289 2570 est,
313 2488 342 2552 si
365 2492 504 2570 metuas,
528 2488 658 2552 uincere
681 2487 767 2571 quod
789 2508 941 2571 nequeas.

114 2573 196 2641 Cum
220 2597 296 2640 uere
319 2577 486 2661 obiurges,
510 2577 556 2641 sic
578 2575 710 2641 inimice
734 2576 841 2641 iuuss:

115 2661 198 2729 Cum
220 2662 306 2730 falso
331 2665 456 2744 laudes,
479 2669 556 2729 tunc
579 2676 613 2728 et
635 2665 737 2730 amice
759 2685 865 2729 noces.

113 2750 172 2817 Nil
195 2753 341 2819 nimium.
378 2754 459 2818 satis
483 2753 558 2831 hoe,
580 2774 621 2817 ne
645 2753 690 2818 sit
713 2756 746 2818 es
769 2753 830 2818 hoc
851 2751 999 2819 nimium.

187 2984 219 3031 31
240 2978 353 3032 honoris
372 2978 400 3033 A
416 2980 420 3046 Ι
436 2978 555 3035 fortuitu
573 2980 600 3033 A
620 2978 720 3034 fortuti
738 2980 765 3034 L
833 2984 867 3033 82
887 2995 970 3047 quem
990 2978 1086 3049 palem
1104 2978 1128 3033 P

113 3047 261 3118 propalam
275 3049 326 3119 Ap
381 3055 415 3103 33
434 3049 557 3120 pulcrius
571 3049 632 3104 AL
648 3052 653 3119 1
669 3054 713 3106 est
730 3050 825 3120 pareri
843 3050 872 3103 P
923 3055 958 3104 34
977 3053 1022 3106 est
1039 3049 1128 3107 ouer

116 3119 120 3190 Ι
151 3118 244 3173 caueri
268 3138 289 3172 ω
322 3132 469 3188 οεωετοψ
498 3125 503 3189 Ι
538 3121 684 3194 poterit?
773 3126 807 3175 35
831 3119 905 3175 siue:
932 3138 951 3175 u
974 3138 1010 3177 ee
1032 3140 1046 3176 s
1069 3123 1095 3177 A
1121 3120 1124 3188 ἰ

112 3189 214 3245 timere
235 3189 263 3243 P
288 3189 382 3244 timeri
401 3192 452 3264 Ap
525 3198 559 3247 33
584 3208 753 3260 exsuperans
772 3192 801 3245 P
825 3206 981 3260 exspersus
1000 3193 1060 3248 AL
1086 3209 1127 3247 ex·

112 3277 214 3330 speres
232 3261 261 3315 R
333 3267 367 3316 39
385 3279 437 3316 nee
455 3279 506 3317 om.
526 3264 554 3316 A
626 3269 659 3316 41
680 3262 801 3317 hominis
821 3264 947 3335 prquse
966 3261 1070 3318 similis
1088 3264 1125 3337 βΙ

113 3331 246 3388 iuuentae
263 3332 291 3386 P
306 3332 454 3388 iuuentute
468 3335 496 3387 A
514 3333 646 3388 iuuentus
664 3335 681 3405 β
736 3338 770 3388 42
790 3336 903 3388 senecta
922 3332 939 3404 β
957 3335 968 3402 Ι
987 3334 1127 3402 scythes«

112 3403 205 3457 scithe
224 3404 325 3471 (sehits
339 3404 377 3471 L)
397 3407 414 3477 β
477 3410 511 3458 44
530 3403 630 3459 mortis
648 3424 669 3458 ω
689 3403 784 3459 meriti
802 3404 926 3469 Selrmkl,
944 3404 1023 3460 uites
1041 3406 1127 3460 Baes-

112 3490 176 3529 rene
247 3479 282 3528 43
301 3476 403 3529 metuis
422 3477 449 3529 A
521 3481 555 3529 47
575 3491 641 3530 uero
660 3475 723 3529 AR
748 3478 753 3544 Ι
778 3475 946 3546 obiurges?
1019 3476 1127 3530 43144-

114 3544 165 3598 des
185 3544 222 3615 βΙ
243 3544 322 3614 tune]
342 3542 418 3616 siep
490 3553 524 3601 43
544 3552 608 3601 ante
625 3564 653 3600 u.
672 3551 709 3601 47
727 3550 771 3614 p!
792 3545 862 3602 setis
881 3550 925 3602 est
943 3546 998 3602 hoe
1016 3547 1065 3616 A!
1084 3546 1128 3616 ne]

113 3631 167 3669 nee
187 3614 391 3685 flnFiniuntp
