2400 4282
474 556 714 622 -307-

96 713 319 801 curarumque
342 715 449 796 labor,
471 716 594 800 placuit
616 719 827 801 praeuertere
844 739 938 783 casus

94 802 271 889 Proposito
295 806 327 868 et
350 825 444 870 curas
467 804 561 870 finire
585 804 759 888 superstite
781 805 852 871 uita

95 890 373 977 Communemque
396 891 477 958 adeo
501 896 639 958 uentura
660 893 695 958 in
718 895 848 960 saecula
870 894 966 961 rebus

92 980 275 1067 Expectare
297 984 422 1047 trucem
446 1002 559 1046 securo
582 984 712 1066 pectore
736 986 884 1049 mortem.

94 1067 127 1135 Si
150 1071 258 1154 placet
280 1069 356 1155 hoc,
420 1072 510 1136 atate
532 1070 581 1135 tui
605 1092 662 1154 spe
685 1071 787 1136 diuite
811 1070 921 1136 amici:
1055 1087 1108 1139 333

93 1155 129 1223 si
151 1162 265 1223 contra
288 1163 351 1243 est,
401 1158 506 1223 hristo
529 1161 659 1223 tantum
683 1181 734 1225 me
757 1159 867 1246 linque
890 1160 1031 1245 probari.

46 1399 132 1445 xm
146 1403 247 1454 reanum
260 1403 335 1453 ann}
441 1384 578 1440 ORATIO
597 1384 755 1441 PAVLINI.

93 1493 306 1579 Omnipotens
330 1494 460 1579 genitor
482 1515 602 1579 rerum,
626 1495 678 1560 cui
702 1516 829 1560 summa
851 1500 1009 1582 potestas,

91 1581 233 1665 haedi,
256 1582 284 1647 si
307 1582 394 1646 iusta
415 1603 544 1669 precor:
567 1604 608 1647 ne
631 1582 676 1646 sit
697 1583 777 1648 mihi
800 1585 905 1650 tristis

90 1671 169 1737 Vlla
192 1671 275 1754 dies,
297 1670 458 1754 placidam
481 1693 545 1737 nox
569 1675 700 1755 rumpat
721 1671 815 1736 nulla
838 1674 986 1754 quietem.

90 1758 161 1825 Nec
184 1759 335 1843 placeant
358 1759 465 1825 aliena
487 1759 581 1843 mihi,
605 1759 684 1843 quin
708 1764 741 1825 et
763 1782 836 1825 mea
858 1762 986 1844 prosint

92 1845 298 1933 Supplicibus
321 1848 492 1933 nullusque
514 1848 634 1913 habeat
657 1848 738 1912 mihi
761 1850 840 1913 uota
862 1849 998 1916 nocendi
1088 1867 1105 1918 o

91 1938 159 2001 Aut
182 1936 302 2002 habeat
324 1937 473 2002 nocitura
496 1937 587 2002 mihi.
622 1937 708 2001 male
732 1937 814 2001 uelle
836 1936 975 2004 facultas

90 2024 192 2091 Nulla
215 2026 258 2089 sit
281 2046 318 2090 ac
340 2025 423 2089 bene
445 2047 542 2109 posse
566 2025 650 2090 adsit
673 2026 851 2110 tranquilla
872 2032 1029 2112 potestas.

91 2111 185 2179 Mens
208 2117 362 2179 contenta
385 2135 443 2180 suo
467 2136 526 2179 nec
549 2114 637 2198 turpi
659 2113 769 2180 dedita
792 2115 883 2181 lucro

91 2200 212 2268 Vincat
235 2223 406 2287 corporeas
430 2206 520 2268 casto
544 2203 625 2267 bene
648 2203 777 2268 conscia
799 2205 884 2270 lecto

91 2290 288 2375 Inlecebras,
311 2296 486 2376 turpesque
508 2292 598 2357 iocos
623 2294 825 2377 obscenaque
849 2293 937 2359 dicta
1070 2313 1104 2361 ιο

91 2378 205 2445 Oderit
230 2379 287 2445 illa
310 2401 430 2445 nocens
453 2382 487 2444 et
509 2379 649 2444 multum
672 2383 769 2464 grata
792 2382 944 2467 malignis

90 2469 234 2534 Auribus
257 2467 358 2533 effuso
382 2490 510 2552 semper
532 2489 589 2532 rea
611 2468 724 2552 lingua
747 2489 880 2535 ueneno.

89 2554 166 2622 Non
189 2557 280 2622 obitu
304 2556 441 2642 adfligar
464 2557 653 2640 cuiusquam
677 2560 734 2621 aut
757 2556 869 2621 funere
892 2578 1047 2642 crescam,

89 2643 257 2710 Inuideam
281 2667 457 2730 numquam
481 2646 631 2730 cuiquam
654 2666 713 2710 nec
736 2644 876 2709 mentiar
897 2667 1059 2730 umquam.

89 2734 189 2798 Adsit
210 2735 297 2800 laeta
320 2734 433 2799 domus
457 2735 624 2818 epulisque
648 2732 782 2799 adludat
805 2734 958 2819 inemptis
1070 2750 1103 2813 lp

89 2820 199 2889 Verna
223 2828 314 2888 satur
336 2823 482 2906 fidusque
506 2844 612 2888 eomes
635 2822 821 2906 nitidusque
844 2823 1005 2909 minister,
1027 2866 1031 2871 -

158 2960 264 3017 XXXII
282 2962 318 3016 ct.
337 2960 442 3016 Ausou.
460 2961 578 3030 Ephem.
598 2960 696 3016 Oratio
715 2964 751 3031 (u.
771 2967 806 3016 34
821 2966 893 3031 sqq.)

162 3037 195 3088 10
219 3032 299 3087 Iocus
323 3032 433 3102 generis
456 3033 616 3100 masculini,
640 3034 672 3086 ut
694 3032 830 3087 Paulinus
854 3032 1024 3088 ‘inlecebras
1042 3037 1101 3088 tur·

86 3118 193 3174 poaque
211 3103 300 3158 iocos’
321 3105 354 3158 de
371 3103 465 3158 dultia
482 3119 553 3158 aem.
574 3103 631 3171 (Gr.
650 3104 699 3158 lat.
719 3104 755 3172 V)
775 3109 836 3173 681,
856 3109 889 3160 17
903 3101 936 3156 K

158 3233 213 3284 326
234 3228 395 3298 preuertere
420 3227 493 3280 V¹H
554 3231 605 3280 328
625 3224 847 3352 communesque
873 3227 932 3282 Vn
949 3226 1101 3283 communi-

84 3316 140 3371 que
158 3298 183 3355 8
199 3315 267 3355 corr.
288 3298 387 3368 Peiper
411 3300 415 3364 Ι
440 3296 512 3352 adeo
531 3296 630 3366 Pea'per
653 3297 705 3352 deo
730 3297 789 3352 VH
838 3301 842 3365 1
868 3293 936 3352 scl’a
960 3296 987 3350 V
1007 3298 1102 3354 recula

83 3373 115 3426 H
118 3369 161 3439 Sl
181 3369 260 3424 ribus
274 3368 303 3422 P
352 3375 405 3425 330
418 3367 523 3437 tui⁸spe
540 3367 584 3435 Vl
600 3366 747 3422 diuitaell
764 3367 874 3440 diuites!
885 3370 912 3437 (e
926 3369 957 3423 in
970 3372 1034 3439 raa.)
1050 3370 1076 3424 V
1095 3370 1099 3440 l

84 3439 188 3498 amice:
212 3440 278 3495 eia
294 3455 350 3496 ras.
370 3438 398 3494 V

155 3508 262 3566 XXXH
279 3529 379 3566 necmrr
397 3528 495 3565 enarro
514 3509 555 3565 sdr
572 3528 680 3564 aarum
699 3509 757 3563 VH
774 3512 815 3578 (Π
828 3536 861 3556 =
875 3510 967 3566 Paris.
978 3514 1064 3581 7558)
1121 3511 1186 3565 VH

86 3591 100 3639 1
119 3588 195 3641 totae
213 3598 309 3638 wear
326 3583 485 3638 reddibus
503 3598 527 3651 q.
543 3582 569 3635 d.
586 3581 723 3636 litteriell
776 3587 791 3635 2
810 3580 877 3636 mici
890 3581 917 3635 V
967 3589 983 3637 4
1002 3582 1102 3637 1³¹⁰sint

89 3706 117 3761 r
169 3665 285 3762 aaut
302 3705 414 3762 msera
467 3703 668 3785 emnil-mar
689 3704 802 3760 Vnum
821 3708 851 3759 u
904 3706 982 3778 ras]
1003 3707 1058 3761 aaa
1076 3703 1104 3760 ν

84 3781 116 3835 at
134 3778 220 3850 culpo
273 3778 451 3834 tcontemta
468 3776 776 3860 Vlded1s'ta(eeraeo)
796 3776 848 3861 V·
874 3773 1098 3861 lVineeatV¹l

84 3866 249 3990 aaut
258 3851 595 3991 'lagddmtda
614 3847 1045 3989 tollaturque

883 4009 939 4060 ao*
