2430 4274
526 515 742 579 ..37-

121 671 254 740 Occidis
278 672 416 738 emissae
441 694 613 756 percussus
636 674 778 758 pondere
801 678 917 759 testae,

167 761 301 828 Abiecit
323 764 411 827 teoto
436 784 533 846 quam
557 784 673 826 munus
698 763 840 828 artifieio.
1111 781 1144 831 ιο

121 849 201 916 Non
224 850 290 915 fuit
313 851 448 916 artificis
472 872 588 916 munus
611 851 705 916 haee:
729 872 845 916 munus
868 852 927 917 ills
950 854 1074 918 cruenti

168 938 270 1007 Certe
291 938 357 1004 fuit
379 939 442 1005 feti
466 940 676 1024 suppositura
698 961 799 1004 reum.

120 1027 214 1111 Heu,
237 1050 320 1112 quse
343 1033 422 1094 notu
444 1028 539 1113 mihi,
563 1050 645 1112 quse
668 1028 792 1112 rumpis
816 1029 949 1113 gaudis,
971 1028 1103 1095 Pastori

169 1116 233 1182 Ills
257 1139 365 1182 meum
389 1118 484 1203 petiit
505 1119 616 1202 tegula
640 1117 741 1182 missu
764 1121 870 1202 eaput.

122 1204 266 1292 Dignior
288 1228 322 1289 o,
344 1210 477 1271 nostrae
501 1227 645 1292 gemeres
669 1206 725 1290 qui
748 1206 818 1272 fetu
840 1211 990 1273 senectae
1112 1222 1145 1272 rs

169 1294 217 1360 Et
241 1316 410 1379 quererere
433 1317 521 1360 meas
545 1300 690 1360 moestus
713 1295 754 1359 ud
777 1297 943 1380 exequias!

78 1560 130 1609 [ru]
369 1540 431 1595 XlI.
456 1539 561 1596 IVLIA
579 1540 746 1595 DRYADIA
766 1539 892 1596 SOROR.

124 1682 157 1749 si
183 1706 250 1768 quu
273 1684 337 1749 fuit
359 1685 478 1769 uirtus,
501 1690 633 1768 superet
656 1707 752 1769 quum
775 1683 897 1749 femina
920 1684 1062 1768 prudens

167 1771 254 1838 Esse
277 1795 384 1857 suum,
407 1795 499 1840 soror
521 1773 582 1838 hoo
605 1772 751 1857 Dryadia
773 1771 860 1837 houd
883 1775 994 1838 ceruit.

124 1861 211 1937 Quin
235 1862 335 1927 etiam
358 1861 479 1928 multas
502 1862 632 1944 hebuit,
656 1883 735 1945 quus
760 1883 854 1926 sexus
877 1861 997 1926 hebere

170 1949 301 2015 Fortior
325 1953 453 2034 opturet
475 1951 696 2033 nobilitasque
719 1951 834 2014 uirum.

124 2038 233 2104 Docte
257 2039 337 2104 sutis
361 2040 528 2124 uitamque
552 2041 624 2105 oolu
646 2039 832 2123 famamque
855 2039 953 2122 tueri,
1127 2055 1143 2105 5

169 2126 279 2192 Douts
302 2127 405 2193 bonos
429 2151 535 2193 mores
558 2129 631 2212 ipsu
655 2150 793 2215 suosque
817 2130 945 2194 doeens.

124 2216 170 2281 Et
193 2238 307 2280 uerum
330 2216 399 2282 uitu
422 2218 473 2282 eui
496 2216 603 2282 corius
627 2239 753 2302 unaque
778 2240 854 2282 cura

168 2305 277 2370 Nosse
301 2304 395 2370 deum
419 2311 452 2371 et
474 2306 608 2370 fratrem
633 2306 767 2390 diligere
791 2312 867 2371 ante
892 2307 982 2371 alios.

125 2393 274 2478 Coniuge
298 2393 401 2458 adhue
424 2395 553 2459 iuuenis
577 2396 694 2476 ceruit,
718 2394 773 2458 sed
798 2396 882 2459 seria
905 2396 1014 2459 uituns

169 2481 318 2546 Moribus
343 2487 489 2547 austerus
514 2482 737 2568 aequiperauit
760 2504 840 2546 anus
1110 2498 1144 2547 ιο

124 2571 347 2655 Produxitque
371 2571 508 2636 hilarem
533 2593 590 2656 per
614 2593 691 2635 sena
715 2571 870 2635 decennis
892 2571 1008 2653 uitam,

170 2658 275 2743 Inque
299 2661 395 2725 domo
420 2666 579 2743 retecto,
607 2682 671 2743 quo
695 2663 802 2744 pater,
825 2659 973 2745 oppetiit.

198 2911 234 2959 10
259 2888 328 2973 quii:
356 2928 368 2952 a
389 2907 426 2960 ai.
446 2912 477 2960 ut
495 2905 553 2959 uid.
579 2905 604 2957 V
676 2911 707 2958 11
732 2866 883 2961 artifieimu
904 2921 1003 2958 manns
1026 2905 1077 2958 hee
1102 2891 1146 2959 eit

123 2981 147 3044 (s
167 2992 210 3043 es,
230 2991 278 3030 mu
295 2977 361 3042 dei,
379 2975 432 3030 heo
450 2978 482 3031 in
500 2976 566 3048 heo,
585 2992 687 3031 rasura
701 2984 765 3046 post
782 2979 866 3045 henr,
892 2979 934 3031 sot
952 2977 1088 3043 expunxit
1107 2975 1143 3029 el.

123 3051 172 3116 m.)
195 3047 222 3101 V
276 3053 307 3100 12
328 3047 521 3117 suppositura:
541 3065 554 3100 s
572 3049 637 3114 nis.
653 3064 721 3102 erus.
738 3066 819 3118 super
834 3066 885 3119 sup
906 3048 931 3100 V
986 3052 1018 3099 13
1038 3044 1103 3100 miei
1118 3045 1144 3099 V

163 3178 198 3226 16
218 3130 367 3240 ou⁰ieqmas
393 3171 419 3222 V

197 3257 251 3313 XII
278 3277 390 3314 nmium
414 3259 440 3314 V
511 3267 525 3313 1
546 3263 674 3330 cuperet:
695 3277 725 3314 er
742 3276 776 3314 ex
793 3279 822 3313 rr
846 3260 872 3314 V
924 3257 1070 3314 2driudiu
1094 3257 1142 3328 Vl

125 3332 205 3386 haud
226 3331 318 3385 carnit
332 3332 432 3400 Peiper
450 3348 507 3386 non
525 3331 583 3385 ruit
601 3333 628 3400 (o
647 3334 678 3386 in
698 3349 715 3385 u
733 3333 770 3395 ol,
789 3333 837 3386 alt.
856 3349 875 3384 n
893 3331 955 3395 det,
973 3335 1004 3383 ni
1020 3331 1145 3400 prodiret

123 3401 288 3467 drindisnu,
302 3407 400 3472 posteo
418 3404 454 3457 oi.
473 3420 508 3457 m.
528 3419 565 3456 ns
583 3404 643 3472 syli,
663 3404 725 3471 ciel.)
751 3402 776 3456 V
835 3401 955 3456 emeruit
973 3401 1109 3456 Heinsius

122 3472 244 3529 inbuit
268 3473 325 3541 711
346 3474 430 3528 ebore
454 3473 492 3528 71
555 3477 703 3528 lobteret
726 3474 753 3528 V
766 3479 770 3540 Ι
785 3473 919 3528 nouilitus
943 3472 980 3525 71
1045 3471 1145 3527 δοοΙιι

129 3545 169 3598 71
243 3544 350 3599 9oduo
375 3545 423 3611 Vl
448 3545 558 3600 iubenis
582 3544 633 3612 Vl
658 3545 752 3600 nitens
772 3546 881 3614 Peiper,
900 3544 989 3598 uitem
1013 3542 1041 3598 V
1085 3548 1145 3622 Ι10

123 3651 319 3723 equipersuit:
332 3667 435 3707 rasura
448 3668 530 3722 super
545 3668 559 3706 e
578 3653 605 3707 V
659 3657 689 3706 11
706 3669 760 3719 que
775 3652 895 3707 hilarem
906 3651 1007 3719 Peiper
1025 3627 1144 3703 solerem

124 3726 206 3793 (bui
225 3724 284 3779 uid.
303 3739 371 3778 eras.
391 3739 474 3794 suuper
492 3727 518 3791 s)
538 3723 565 3776 V
580 3723 691 3778 caelebs
706 3723 842 3779 Heinsius
861 3721 985 3778 celebem
1004 3721 1145 3774 Baehrens

163 3801 196 3849 12
217 3795 271 3849 hee
295 3793 332 3847 V¹
353 3798 358 3864 Ι
378 3797 454 3850 teoto
478 3794 504 3848 V
525 3795 599 3850 lecto
618 3795 752 3850 Heinsius
