<?xml version="1.0" encoding="UTF-8"?>
<!DOCTYPE html PUBLIC "-//W3C//DTD XHTML 1.0 Transitional//EN"
    "http://www.w3.org/TR/xhtml1/DTD/xhtml1-transitional.dtd">
<html xmlns="http://www.w3.org/1999/xhtml" xml:lang="en" lang="en">
 <head>
  <title>
</title>
<meta http-equiv="Content-Type" content="text/html;charset=utf-8" />
  <meta name='ocr-system' content='tesseract 3.04.00' />
  <meta name='ocr-capabilities' content='ocr_page ocr_carea ocr_par ocr_line ocrx_word'/>
</head>
<body>
  <div class='ocr_page' id='page_1' title='image "./decimimagniavso00ausogoog_0116.png"; bbox 0 0 2430 4274; ppageno 0'>
   <div class='ocr_carea' id='block_1_1' title="bbox 501 570 733 618">
    <p class='ocr_par' dir='ltr' id='par_1_1' title="bbox 501 570 733 618">
     <span class='ocr_line' id='line_1_1' title="bbox 501 570 733 618; baseline -0.009 0"><span class='ocrx_word' id='word_1_1' title='bbox 501 570 733 618; x_wconf 78' lang='lat' dir='ltr'>-CXI-</span> 
     </span>
    </p>
   </div>
   <div class='ocr_carea' id='block_1_2' title="bbox 96 706 1120 1204">
    <p class='ocr_par' dir='ltr' id='par_1_2' title="bbox 96 706 1120 1204">
     <span class='ocr_line' id='line_1_2' title="bbox 193 706 1119 778; baseline 0.006 -16"><span class='ocrx_word' id='word_1_2' title='bbox 193 706 310 763; x_wconf 88' lang='lat' dir='ltr'><strong>Praeter</strong></span> <span class='ocrx_word' id='word_1_3' title='bbox 327 725 361 763; x_wconf 88' lang='lat' dir='ltr'><strong>ea</strong></span> <span class='ocrx_word' id='word_1_4' title='bbox 384 725 456 778; x_wconf 91' lang='lat' dir='ltr'><strong>quae</strong></span> <span class='ocrx_word' id='word_1_5' title='bbox 475 709 534 764; x_wconf 82' lang='lat' dir='ltr'><strong>dixi</strong></span> <span class='ocrx_word' id='word_1_6' title='bbox 552 709 609 764; x_wconf 83' lang='lat' dir='ltr'><strong>alia</strong></span> <span class='ocrx_word' id='word_1_7' title='bbox 626 711 743 778; x_wconf 85' lang='lat' dir='ltr'><strong>praedia</strong></span> <span class='ocrx_word' id='word_1_8' title='bbox 760 709 892 765; x_wconf 84' lang='lat' dir='ltr'><strong>habuisse</strong></span> <span class='ocrx_word' id='word_1_9' title='bbox 911 711 1066 766; x_wconf 85' lang='lat' dir='ltr'><strong>Ausonium</strong></span> <span class='ocrx_word' id='word_1_10' title='bbox 1086 729 1119 768; x_wconf 86' lang='lat' dir='ltr'><strong>ex</strong></span> 
     </span>
     <span class='ocr_line' id='line_1_3' title="bbox 96 778 1117 851; baseline 0.006 -19"><span class='ocrx_word' id='word_1_11' title='bbox 96 778 279 851; x_wconf 79' lang='lat' dir='ltr'><strong>poematibus</strong></span> <span class='ocrx_word' id='word_1_12' title='bbox 297 781 514 849; x_wconf 80' lang='lat' dir='ltr'><strong>conprobatur.</strong></span> <span class='ocrx_word' id='word_1_13' title='bbox 551 796 618 835; x_wconf 90' lang='lat' dir='ltr'><strong>narn</strong></span> <span class='ocrx_word' id='word_1_14' title='bbox 637 782 711 849; x_wconf 93' lang='lat' dir='ltr'><strong>quod</strong></span> <span class='ocrx_word' id='word_1_15' title='bbox 731 781 781 851; x_wconf 83' lang='lat' dir='ltr'><strong>Ep.</strong></span> <span class='ocrx_word' id='word_1_16' title='bbox 799 780 864 834; x_wconf 89' lang='lat' dir='ltr'><strong>XVI</strong></span> <span class='ocrx_word' id='word_1_17' title='bbox 884 787 917 837; x_wconf 76' lang='lat'><strong>15</strong></span> <span class='ocrx_word' id='word_1_18' title='bbox 937 783 1045 838; x_wconf 89' lang='lat' dir='ltr'><strong>Theoni</strong></span> <span class='ocrx_word' id='word_1_19' title='bbox 1063 783 1117 838; x_wconf 82' lang='lat' dir='ltr'><strong>ait:</strong></span> 
     </span>
     <span class='ocr_line' id='line_1_4' title="bbox 99 849 1120 921; baseline 0.003 -15"><span class='ocrx_word' id='word_1_20' title='bbox 99 851 229 921; x_wconf 78' lang='lat' dir='ltr'><strong>„scirpea</strong></span> <span class='ocrx_word' id='word_1_21' title='bbox 248 849 413 906; x_wconf 80' lang='lat' dir='ltr'>Dumnitoni</span> <span class='ocrx_word' id='word_1_22' title='bbox 437 852 511 906; x_wconf 88' lang='lat' dir='ltr'><strong>tanti</strong></span> <span class='ocrx_word' id='word_1_23' title='bbox 533 853 577 906; x_wconf 88' lang='lat' dir='ltr'><strong>sst</strong></span> <span class='ocrx_word' id='word_1_24' title='bbox 599 851 741 906; x_wconf 88' lang='lat' dir='ltr'><strong>habitatio</strong></span> <span class='ocrx_word' id='word_1_25' title='bbox 764 853 841 907; x_wconf 83' lang='lat' dir='ltr'><strong>uati?</strong></span> <span class='ocrx_word' id='word_1_26' title='bbox 878 853 1026 908; x_wconf 73' lang='lat' dir='ltr'><strong>Pauliacos</strong></span> <span class='ocrx_word' id='word_1_27' title='bbox 1045 854 1120 920; x_wconf 64' lang='lat' dir='ltr'><strong>tanti</strong></span> 
     </span>
     <span class='ocr_line' id='line_1_5' title="bbox 97 921 1119 993; baseline 0.004 -17"><span class='ocrx_word' id='word_1_28' title='bbox 97 939 156 977; x_wconf 89' lang='lat' dir='ltr'><strong>non</strong></span> <span class='ocrx_word' id='word_1_29' title='bbox 179 922 253 976; x_wconf 87' lang='lat' dir='ltr'><strong>mihi</strong></span> <span class='ocrx_word' id='word_1_30' title='bbox 271 921 342 977; x_wconf 87' lang='lat' dir='ltr'><strong>uilla</strong></span> <span class='ocrx_word' id='word_1_31' title='bbox 359 923 482 977; x_wconf 83' lang='lat' dir='ltr'><strong>lorctl“:</strong></span> <span class='ocrx_word' id='word_1_32' title='bbox 505 921 593 977; x_wconf 92' lang='lat' dir='ltr'><strong>uilem</strong></span> <span class='ocrx_word' id='word_1_33' title='bbox 612 923 735 979; x_wconf 78' lang='lat' dir='ltr'>Theonis</span> <span class='ocrx_word' id='word_1_34' title='bbox 753 922 878 993; x_wconf 80' lang='lat' dir='ltr'><strong>agellum</strong></span> <span class='ocrx_word' id='word_1_35' title='bbox 897 941 960 979; x_wconf 90' lang='lat' dir='ltr'><strong>cum</strong></span> <span class='ocrx_word' id='word_1_36' title='bbox 978 924 1071 980; x_wconf 91' lang='lat' dir='ltr'><strong>uicino</strong></span> <span class='ocrx_word' id='word_1_37' title='bbox 1090 929 1119 980; x_wconf 90' lang='lat' dir='ltr'><strong>et</strong></span> 
     </span>
     <span class='ocr_line' id='line_1_6' title="bbox 99 992 1117 1063; baseline 0.003 -16"><span class='ocrx_word' id='word_1_38' title='bbox 99 992 193 1048; x_wconf 90' lang='lat' dir='ltr'><strong>multo</strong></span> <span class='ocrx_word' id='word_1_39' title='bbox 215 993 333 1047; x_wconf 89' lang='lat' dir='ltr'><strong>meliors</strong></span> <span class='ocrx_word' id='word_1_40' title='bbox 356 993 472 1063; x_wconf 88' lang='lat' dir='ltr'><strong>praedio</strong></span> <span class='ocrx_word' id='word_1_41' title='bbox 498 992 631 1049; x_wconf 90' lang='lat' dir='ltr'><strong>Pauliaco</strong></span> <span class='ocrx_word' id='word_1_42' title='bbox 656 1010 812 1063; x_wconf 75' lang='lat' dir='ltr'><strong>conparans</strong></span> <span class='ocrx_word' id='word_1_43' title='bbox 841 1012 893 1049; x_wconf 93' lang='lat' dir='ltr'><strong>nec</strong></span> <span class='ocrx_word' id='word_1_44' title='bbox 917 998 1014 1050; x_wconf 88' lang='lat' dir='ltr'><strong>tamen</strong></span> <span class='ocrx_word' id='word_1_45' title='bbox 1039 997 1117 1050; x_wconf 88' lang='lat' dir='ltr'><strong>cuins</strong></span> 
     </span>
     <span class='ocr_line' id='line_1_7' title="bbox 100 1063 1118 1134; baseline 0.003 -15"><span class='ocrx_word' id='word_1_46' title='bbox 100 1063 171 1119; x_wconf 92' lang='lat' dir='ltr'><strong>illud</strong></span> <span class='ocrx_word' id='word_1_47' title='bbox 191 1064 231 1118; x_wconf 90' lang='lat' dir='ltr'><strong>sit</strong></span> <span class='ocrx_word' id='word_1_48' title='bbox 249 1064 412 1134; x_wconf 81' lang='lat' dir='ltr'><strong>significans</strong></span> <span class='ocrx_word' id='word_1_49' title='bbox 431 1064 512 1119; x_wconf 85' lang='lat' dir='ltr'><strong>dicit:</strong></span> <span class='ocrx_word' id='word_1_50' title='bbox 542 1081 604 1133; x_wconf 88' lang='lat' dir='ltr'><strong>„me</strong></span> <span class='ocrx_word' id='word_1_51' title='bbox 623 1083 657 1120; x_wconf 88' lang='lat' dir='ltr'><strong>nc</strong></span> <span class='ocrx_word' id='word_1_52' title='bbox 676 1064 825 1120; x_wconf 89' lang='lat' dir='ltr'><strong>Pauliacus</strong></span> <span class='ocrx_word' id='word_1_53' title='bbox 844 1066 970 1134; x_wconf 82' lang='lat' dir='ltr'><strong>quidem,</strong></span> <span class='ocrx_word' id='word_1_54' title='bbox 994 1067 1017 1120; x_wconf 88' lang='lat' dir='ltr'><strong>si</strong></span> <span class='ocrx_word' id='word_1_55' title='bbox 1040 1084 1118 1122; x_wconf 91' lang='lat' dir='ltr'><strong>meus</strong></span> 
     </span>
     <span class='ocr_line' id='line_1_8' title="bbox 100 1135 938 1204; baseline -0.001 -14"><span class='ocrx_word' id='word_1_56' title='bbox 100 1139 185 1202; x_wconf 86' lang='lat' dir='ltr'><strong>esset,</strong></span> <span class='ocrx_word' id='word_1_57' title='bbox 203 1138 328 1200; x_wconf 87' lang='lat' dir='ltr'><strong>teneret,</strong></span> <span class='ocrx_word' id='word_1_58' title='bbox 347 1135 496 1204; x_wconf 80' lang='lat' dir='ltr'><strong>quominus</strong></span> <span class='ocrx_word' id='word_1_59' title='bbox 513 1135 544 1190; x_wconf 87' lang='lat' dir='ltr'><strong>in</strong></span> <span class='ocrx_word' id='word_1_60' title='bbox 562 1135 749 1192; x_wconf 67' lang='lat' dir='ltr'><strong>Lucaniacum</strong></span> <span class='ocrx_word' id='word_1_61' title='bbox 767 1137 938 1192; x_wconf 84' lang='lat' dir='ltr'><strong>tenderem“.</strong></span> 
     </span>
    </p>
   </div>
   <div class='ocr_carea' id='block_1_3' title="bbox 98 1223 1119 2361">
    <p class='ocr_par' dir='ltr' id='par_1_3' title="bbox 98 1223 1119 2361">
     <span class='ocr_line' id='line_1_9' title="bbox 193 1223 1119 1296; baseline 0.001 -18"><span class='ocrx_word' id='word_1_62' title='bbox 193 1223 300 1279; x_wconf 88' lang='lat' dir='ltr'><strong>Verum</strong></span> <span class='ocrx_word' id='word_1_63' title='bbox 318 1223 458 1279; x_wconf 88' lang='lat' dir='ltr'><strong>Ausonius</strong></span> <span class='ocrx_word' id='word_1_64' title='bbox 477 1226 510 1278; x_wconf 90' lang='lat' dir='ltr'><strong>nt</strong></span> <span class='ocrx_word' id='word_1_65' title='bbox 528 1224 697 1296; x_wconf 82' lang='lat' dir='ltr'><strong>Burdigalae</strong></span> <span class='ocrx_word' id='word_1_66' title='bbox 715 1225 813 1280; x_wconf 90' lang='lat' dir='ltr'><strong>turbas</strong></span> <span class='ocrx_word' id='word_1_67' title='bbox 832 1226 988 1280; x_wconf 70' lang='lat' dir='ltr'><strong>declinaret</strong></span> <span class='ocrx_word' id='word_1_68' title='bbox 1006 1242 1119 1294; x_wconf 90' lang='lat' dir='ltr'><strong>corpus·</strong></span> 
     </span>
     <span class='ocr_line' id='line_1_10' title="bbox 102 1295 1118 1367; baseline -0.001 -17"><span class='ocrx_word' id='word_1_69' title='bbox 102 1311 154 1367; x_wconf 91' lang='lat' dir='ltr'><strong>que</strong></span> <span class='ocrx_word' id='word_1_70' title='bbox 173 1296 300 1360; x_wconf 87' lang='lat' dir='ltr'><strong>curaret,</strong></span> <span class='ocrx_word' id='word_1_71' title='bbox 324 1313 378 1351; x_wconf 93' lang='lat' dir='ltr'><strong>non</strong></span> <span class='ocrx_word' id='word_1_72' title='bbox 402 1296 431 1350; x_wconf 91' lang='lat' dir='ltr'><strong>in</strong></span> <span class='ocrx_word' id='word_1_73' title='bbox 454 1295 642 1351; x_wconf 83' lang='lat' dir='ltr'><strong>Lucaniacum</strong></span> <span class='ocrx_word' id='word_1_74' title='bbox 666 1297 756 1353; x_wconf 90' lang='lat' dir='ltr'><strong>solum</strong></span> <span class='ocrx_word' id='word_1_75' title='bbox 781 1300 831 1351; x_wconf 92' lang='lat' dir='ltr'><strong>aut</strong></span> <span class='ocrx_word' id='word_1_76' title='bbox 848 1297 991 1350; x_wconf 86' lang='lat' dir='ltr'><strong>Nonarum</strong></span> <span class='ocrx_word' id='word_1_77' title='bbox 1013 1312 1118 1366; x_wconf 81' lang='lat' dir='ltr'><strong>pagum</strong></span> 
     </span>
     <span class='ocr_line' id='line_1_11' title="bbox 101 1366 1118 1437; baseline -0.002 -15"><span class='ocrx_word' id='word_1_78' title='bbox 101 1366 252 1423; x_wconf 87' lang='lat' dir='ltr'><strong>concessit:</strong></span> <span class='ocrx_word' id='word_1_79' title='bbox 272 1367 357 1421; x_wconf 88' lang='lat' dir='ltr'><strong>etiam</strong></span> <span class='ocrx_word' id='word_1_80' title='bbox 376 1366 479 1421; x_wconf 89' lang='lat' dir='ltr'><strong>balnea</strong></span> <span class='ocrx_word' id='word_1_81' title='bbox 497 1370 527 1422; x_wconf 88' lang='lat' dir='ltr'><strong>et</strong></span> <span class='ocrx_word' id='word_1_82' title='bbox 545 1369 688 1422; x_wconf 86' lang='lat' dir='ltr'><strong>maritima</strong></span> <span class='ocrx_word' id='word_1_83' title='bbox 702 1369 730 1421; x_wconf 91' lang='lat' dir='ltr'><strong>et</strong></span> <span class='ocrx_word' id='word_1_84' title='bbox 748 1368 785 1422; x_wconf 91' lang='lat' dir='ltr'><strong>ad</strong></span> <span class='ocrx_word' id='word_1_85' title='bbox 799 1369 974 1437; x_wconf 81' lang='lat' dir='ltr'><strong>Pyrenaeum</strong></span> <span class='ocrx_word' id='word_1_86' title='bbox 991 1371 1118 1422; x_wconf 86' lang='lat' dir='ltr'><strong>montem</strong></span> 
     </span>
     <span class='ocr_line' id='line_1_12' title="bbox 102 1438 1116 1508; baseline 0 -15"><span class='ocrx_word' id='word_1_87' title='bbox 102 1454 172 1506; x_wconf 81' lang='lat' dir='ltr'><strong>quac</strong></span> <span class='ocrx_word' id='word_1_88' title='bbox 191 1440 274 1493; x_wconf 89' lang='lat' dir='ltr'><strong>erant</strong></span> <span class='ocrx_word' id='word_1_89' title='bbox 292 1438 410 1493; x_wconf 87' lang='lat' dir='ltr'><strong>uisebat.</strong></span> <span class='ocrx_word' id='word_1_90' title='bbox 444 1455 531 1506; x_wconf 82' lang='lat' dir='ltr'><strong>eaque</strong></span> <span class='ocrx_word' id='word_1_91' title='bbox 551 1438 684 1493; x_wconf 83' lang='lat' dir='ltr'><strong>Paulinus</strong></span> <span class='ocrx_word' id='word_1_92' title='bbox 703 1438 815 1494; x_wconf 90' lang='lat' dir='ltr'><strong>notauit</strong></span> <span class='ocrx_word' id='word_1_93' title='bbox 827 1440 877 1508; x_wconf 79' lang='lat' dir='ltr'><strong>Ep.</strong></span> <span class='ocrx_word' id='word_1_94' title='bbox 893 1438 983 1492; x_wconf 85' lang='lat' dir='ltr'>XXXI</span> <span class='ocrx_word' id='word_1_95' title='bbox 999 1444 1051 1493; x_wconf 83' lang='lat'><strong>241</strong></span> <span class='ocrx_word' id='word_1_96' title='bbox 1062 1457 1116 1508; x_wconf 83' lang='lat' dir='ltr'><strong>sq.:</strong></span> 
     </span>
     <span class='ocr_line' id='line_1_13' title="bbox 101 1507 1117 1580; baseline 0.001 -17"><span class='ocrx_word' id='word_1_97' title='bbox 101 1509 135 1563; x_wconf 85' lang='lat' dir='ltr'><strong>ad</strong></span> <span class='ocrx_word' id='word_1_98' title='bbox 157 1526 238 1564; x_wconf 89' lang='lat' dir='ltr'><strong>maro</strong></span> <span class='ocrx_word' id='word_1_99' title='bbox 266 1507 338 1562; x_wconf 87' lang='lat' dir='ltr'><strong>sitos</strong></span> <span class='ocrx_word' id='word_1_100' title='bbox 364 1509 459 1578; x_wconf 88' lang='lat' dir='ltr'><strong>piceos</strong></span> <span class='ocrx_word' id='word_1_101' title='bbox 482 1509 597 1577; x_wconf 86' lang='lat' dir='ltr'><strong>Boios,</strong></span> <span class='ocrx_word' id='word_1_102' title='bbox 625 1511 654 1564; x_wconf 93' lang='lat' dir='ltr'><strong>in</strong></span> <span class='ocrx_word' id='word_1_103' title='bbox 681 1510 865 1580; x_wconf 82' lang='lat' dir='ltr'><strong>Bigerritanis</strong></span> <span class='ocrx_word' id='word_1_104' title='bbox 892 1508 1117 1565; x_wconf 85' lang='lat' dir='ltr'><strong>Maroialicas</strong></span> 
     </span>
     <span class='ocr_line' id='line_1_14' title="bbox 101 1578 1118 1650; baseline 0 -16"><span class='ocrx_word' id='word_1_105' title='bbox 101 1580 255 1634; x_wconf 85' lang='lat' dir='ltr'><strong>thermas</strong></span> <span class='ocrx_word' id='word_1_106' title='bbox 280 1578 349 1649; x_wconf 89' lang='lat' dir='ltr'><strong>(uid.</strong></span> <span class='ocrx_word' id='word_1_107' title='bbox 374 1579 483 1648; x_wconf 84' lang='lat' dir='ltr'><strong>Iudex);</strong></span> <span class='ocrx_word' id='word_1_108' title='bbox 508 1585 653 1650; x_wconf 84' lang='lat' dir='ltr'><strong>praeterea</strong></span> <span class='ocrx_word' id='word_1_109' title='bbox 676 1581 789 1637; x_wconf 83' lang='lat' dir='ltr'><strong>colebat</strong></span> <span class='ocrx_word' id='word_1_110' title='bbox 810 1582 920 1650; x_wconf 89' lang='lat' dir='ltr'><strong>urbem,</strong></span> <span class='ocrx_word' id='word_1_111' title='bbox 944 1580 1017 1635; x_wconf 91' lang='lat' dir='ltr'><strong>uude</strong></span> <span class='ocrx_word' id='word_1_112' title='bbox 1037 1582 1118 1649; x_wconf 89' lang='lat' dir='ltr'><strong>pater</strong></span> 
     </span>
     <span class='ocr_line' id='line_1_15' title="bbox 101 1650 1116 1720; baseline 0 -15"><span class='ocrx_word' id='word_1_113' title='bbox 101 1654 161 1705; x_wconf 87' lang='lat' dir='ltr'><strong>crat</strong></span> <span class='ocrx_word' id='word_1_114' title='bbox 180 1650 329 1719; x_wconf 88' lang='lat' dir='ltr'><strong>oriundus,</strong></span> <span class='ocrx_word' id='word_1_115' title='bbox 349 1650 545 1706; x_wconf 84' lang='lat' dir='ltr'><strong>Cossionom</strong></span> <span class='ocrx_word' id='word_1_116' title='bbox 563 1651 726 1707; x_wconf 88' lang='lat' dir='ltr'><strong>Vasatum</strong></span> <span class='ocrx_word' id='word_1_117' title='bbox 747 1651 865 1720; x_wconf 91' lang='lat' dir='ltr'><strong>(Paulin.</strong></span> <span class='ocrx_word' id='word_1_118' title='bbox 885 1671 913 1704; x_wconf 90' lang='lat' dir='ltr'><strong>n.</strong></span> <span class='ocrx_word' id='word_1_119' title='bbox 933 1657 1005 1718; x_wconf 80' lang='lat'>248),</span> <span class='ocrx_word' id='word_1_120' title='bbox 1024 1667 1116 1718; x_wconf 90' lang='lat' dir='ltr'><strong>neque</strong></span> 
     </span>
     <span class='ocr_line' id='line_1_16' title="bbox 99 1721 1116 1802; baseline -0.003 -25"><span class='ocrx_word' id='word_1_121' title='bbox 99 1739 155 1777; x_wconf 88' lang='lat' dir='ltr'><strong>non</strong></span> <span class='ocrx_word' id='word_1_122' title='bbox 184 1722 244 1775; x_wconf 89' lang='lat' dir='ltr'><strong>suis</strong></span> <span class='ocrx_word' id='word_1_123' title='bbox 271 1721 301 1775; x_wconf 91' lang='lat' dir='ltr'><strong>in</strong></span> <span class='ocrx_word' id='word_1_124' title='bbox 325 1721 450 1802; x_wconf 80' lang='lat' dir='ltr'><strong>praediis</strong></span> <span class='ocrx_word' id='word_1_125' title='bbox 478 1722 692 1792; x_wconf 88' lang='lat' dir='ltr'><strong>qualiacumque</strong></span> <span class='ocrx_word' id='word_1_126' title='bbox 720 1726 801 1776; x_wconf 87' lang='lat' dir='ltr'><strong>erant</strong></span> <span class='ocrx_word' id='word_1_127' title='bbox 827 1723 932 1777; x_wconf 89' lang='lat' dir='ltr'><strong>amicos</strong></span> <span class='ocrx_word' id='word_1_128' title='bbox 960 1738 1024 1776; x_wconf 91' lang='lat' dir='ltr'><strong>eum</strong></span> <span class='ocrx_word' id='word_1_129' title='bbox 1053 1736 1116 1775; x_wconf 89' lang='lat' dir='ltr'><strong>oon·</strong></span> 
     </span>
     <span class='ocr_line' id='line_1_17' title="bbox 100 1792 1117 1874; baseline -0.004 -26"><span class='ocrx_word' id='word_1_130' title='bbox 100 1793 213 1848; x_wconf 86' lang='lat' dir='ltr'><strong>uenisse</strong></span> <span class='ocrx_word' id='word_1_131' title='bbox 248 1792 402 1848; x_wconf 87' lang='lat' dir='ltr'><strong>uerisrmile</strong></span> <span class='ocrx_word' id='word_1_132' title='bbox 435 1795 490 1847; x_wconf 91' lang='lat' dir='ltr'><strong>est:</strong></span> <span class='ocrx_word' id='word_1_133' title='bbox 523 1794 666 1849; x_wconf 86' lang='lat' dir='ltr'><strong>Theonem</strong></span> <span class='ocrx_word' id='word_1_134' title='bbox 696 1792 860 1848; x_wconf 78' lang='lat' dir='ltr'><strong>Dumnitoni</strong></span> <span class='ocrx_word' id='word_1_135' title='bbox 892 1809 978 1874; x_wconf 87' lang='lat' dir='ltr'><strong>propa</strong></span> <span class='ocrx_word' id='word_1_136' title='bbox 1010 1792 1117 1859; x_wconf 82' lang='lat' dir='ltr'><strong>urbem,</strong></span> 
     </span>
     <span class='ocr_line' id='line_1_18' title="bbox 99 1862 1117 1934; baseline -0.004 -15"><span class='ocrx_word' id='word_1_137' title='bbox 99 1865 220 1919; x_wconf 85' lang='lat' dir='ltr'><strong>Paulum</strong></span> <span class='ocrx_word' id='word_1_138' title='bbox 235 1864 265 1917; x_wconf 90' lang='lat' dir='ltr'><strong>in</strong></span> <span class='ocrx_word' id='word_1_139' title='bbox 274 1863 468 1933; x_wconf 82' lang='lat' dir='ltr'><strong>Bigerritanis‚</strong></span> <span class='ocrx_word' id='word_1_140' title='bbox 483 1864 632 1919; x_wconf 90' lang='lat' dir='ltr'><strong>Paulinum</strong></span> <span class='ocrx_word' id='word_1_141' title='bbox 646 1870 675 1919; x_wconf 88' lang='lat' dir='ltr'><strong>et</strong></span> <span class='ocrx_word' id='word_1_142' title='bbox 686 1864 858 1934; x_wconf 81' lang='lat' dir='ltr'><strong>Hebromagi</strong></span> <span class='ocrx_word' id='word_1_143' title='bbox 872 1869 901 1918; x_wconf 91' lang='lat' dir='ltr'><strong>et</strong></span> <span class='ocrx_word' id='word_1_144' title='bbox 914 1862 979 1918; x_wconf 82' lang='lat' dir='ltr'><strong>aliis</strong></span> <span class='ocrx_word' id='word_1_145' title='bbox 992 1862 1022 1917; x_wconf 92' lang='lat' dir='ltr'><strong>in</strong></span> <span class='ocrx_word' id='word_1_146' title='bbox 1036 1877 1117 1932; x_wconf 82' lang='lat' dir='ltr'><strong>prae-</strong></span> 
     </span>
     <span class='ocr_line' id='line_1_19' title="bbox 99 1932 1118 2006; baseline -0.004 -16"><span class='ocrx_word' id='word_1_147' title='bbox 99 1933 161 2003; x_wconf 84' lang='lat' dir='ltr'><strong>diis,</strong></span> <span class='ocrx_word' id='word_1_148' title='bbox 183 1952 257 2004; x_wconf 90' lang='lat' dir='ltr'><strong>quae</strong></span> <span class='ocrx_word' id='word_1_149' title='bbox 275 1938 305 1990; x_wconf 89' lang='lat' dir='ltr'><strong>et</strong></span> <span class='ocrx_word' id='word_1_150' title='bbox 326 1935 417 1989; x_wconf 87' lang='lat' dir='ltr'><strong>multa</strong></span> <span class='ocrx_word' id='word_1_151' title='bbox 435 1935 558 1990; x_wconf 88' lang='lat' dir='ltr'><strong>habebat</strong></span> <span class='ocrx_word' id='word_1_152' title='bbox 576 1940 605 1990; x_wconf 92' lang='lat' dir='ltr'><strong>et</strong></span> <span class='ocrx_word' id='word_1_153' title='bbox 624 1954 736 2006; x_wconf 85' lang='lat' dir='ltr'><strong>magna.</strong></span> <span class='ocrx_word' id='word_1_154' title='bbox 768 1936 941 1990; x_wconf 78' lang='lat' dir='ltr'><strong>accedebant</strong></span> <span class='ocrx_word' id='word_1_155' title='bbox 957 1937 1016 1988; x_wconf 91' lang='lat' dir='ltr'><strong>tam</strong></span> <span class='ocrx_word' id='word_1_156' title='bbox 1035 1932 1118 1987; x_wconf 90' lang='lat' dir='ltr'><strong>multi</strong></span> 
     </span>
     <span class='ocr_line' id='line_1_20' title="bbox 98 2005 1115 2077; baseline 0 -17"><span class='ocrx_word' id='word_1_157' title='bbox 98 2006 261 2077; x_wconf 89' lang='lat' dir='ltr'><strong>propinqui,</strong></span> <span class='ocrx_word' id='word_1_158' title='bbox 280 2006 328 2075; x_wconf 91' lang='lat' dir='ltr'><strong>qui</strong></span> <span class='ocrx_word' id='word_1_159' title='bbox 348 2022 442 2061; x_wconf 90' lang='lat' dir='ltr'><strong>senem</strong></span> <span class='ocrx_word' id='word_1_160' title='bbox 462 2007 642 2074; x_wconf 84' lang='lat' dir='ltr'><strong>amplissimis</strong></span> <span class='ocrx_word' id='word_1_161' title='bbox 661 2007 813 2062; x_wconf 87' lang='lat' dir='ltr'><strong>honoribus</strong></span> <span class='ocrx_word' id='word_1_162' title='bbox 828 2007 956 2061; x_wconf 88' lang='lat' dir='ltr'><strong>omatum</strong></span> <span class='ocrx_word' id='word_1_163' title='bbox 976 2005 1115 2072; x_wconf 89' lang='lat' dir='ltr'><strong>colebant,</strong></span> 
     </span>
     <span class='ocr_line' id='line_1_21' title="bbox 98 2077 1117 2148; baseline -0.002 -17"><span class='ocrx_word' id='word_1_164' title='bbox 98 2082 166 2132; x_wconf 83' lang='lat' dir='ltr'><strong>ante</strong></span> <span class='ocrx_word' id='word_1_165' title='bbox 195 2093 293 2131; x_wconf 87' lang='lat' dir='ltr'><strong>omnes</strong></span> <span class='ocrx_word' id='word_1_166' title='bbox 317 2077 468 2147; x_wconf 87' lang='lat' dir='ltr'><strong>Hesperius</strong></span> <span class='ocrx_word' id='word_1_167' title='bbox 493 2079 578 2146; x_wconf 82' lang='lat' dir='ltr'><strong>filins,</strong></span> <span class='ocrx_word' id='word_1_168' title='bbox 607 2079 655 2146; x_wconf 90' lang='lat' dir='ltr'><strong>qui</strong></span> <span class='ocrx_word' id='word_1_169' title='bbox 678 2096 732 2133; x_wconf 94' lang='lat' dir='ltr'><strong>non</strong></span> <span class='ocrx_word' id='word_1_170' title='bbox 755 2079 854 2148; x_wconf 87' lang='lat' dir='ltr'><strong>procul</strong></span> <span class='ocrx_word' id='word_1_171' title='bbox 877 2077 981 2131; x_wconf 85' lang='lat' dir='ltr'><strong>afuisse</strong></span> <span class='ocrx_word' id='word_1_172' title='bbox 1005 2077 1117 2132; x_wconf 90' lang='lat' dir='ltr'><strong>uidetur</strong></span> 
     </span>
     <span class='ocr_line' id='line_1_22' title="bbox 98 2146 1116 2219; baseline -0.002 -16"><span class='ocrx_word' id='word_1_173' title='bbox 98 2148 147 2215; x_wconf 81' lang='lat' dir='ltr'><strong>(ci.</strong></span> <span class='ocrx_word' id='word_1_174' title='bbox 167 2146 219 2216; x_wconf 82' lang='lat' dir='ltr'><strong>Ep.</strong></span> <span class='ocrx_word' id='word_1_175' title='bbox 240 2146 318 2203; x_wconf 88' lang='lat' dir='ltr'>XVII</span> <span class='ocrx_word' id='word_1_176' title='bbox 336 2147 398 2201; x_wconf 86' lang='lat' dir='ltr'><strong>Par.</strong></span> <span class='ocrx_word' id='word_1_177' title='bbox 420 2151 478 2216; x_wconf 82' lang='lat'>11):</span> <span class='ocrx_word' id='word_1_178' title='bbox 502 2151 576 2203; x_wconf 89' lang='lat' dir='ltr'><strong>unde</strong></span> <span class='ocrx_word' id='word_1_179' title='bbox 595 2154 714 2219; x_wconf 86' lang='lat' dir='ltr'><strong>apparet</strong></span> <span class='ocrx_word' id='word_1_180' title='bbox 730 2167 785 2203; x_wconf 92' lang='lat' dir='ltr'><strong>non</strong></span> <span class='ocrx_word' id='word_1_181' title='bbox 804 2149 885 2204; x_wconf 86' lang='lat' dir='ltr'><strong>triste</strong></span> <span class='ocrx_word' id='word_1_182' title='bbox 904 2149 1011 2203; x_wconf 89' lang='lat' dir='ltr'><strong>senium</strong></span> <span class='ocrx_word' id='word_1_183' title='bbox 1030 2147 1116 2202; x_wconf 84' lang='lat' dir='ltr'><strong>fnisse</strong></span> 
     </span>
     <span class='ocr_line' id='line_1_23' title="bbox 98 2219 1115 2290; baseline -0.002 -18"><span class='ocrx_word' id='word_1_184' title='bbox 98 2220 220 2274; x_wconf 79' lang='lat' dir='ltr'><strong>Ausonii</strong></span> <span class='ocrx_word' id='word_1_185' title='bbox 238 2235 289 2273; x_wconf 90' lang='lat' dir='ltr'><strong>nec</strong></span> <span class='ocrx_word' id='word_1_186' title='bbox 308 2219 479 2283; x_wconf 82' lang='lat' dir='ltr'><strong>solitarium,</strong></span> <span class='ocrx_word' id='word_1_187' title='bbox 498 2222 584 2274; x_wconf 88' lang='lat' dir='ltr'><strong>immo</strong></span> <span class='ocrx_word' id='word_1_188' title='bbox 603 2222 700 2276; x_wconf 89' lang='lat' dir='ltr'><strong>multis</strong></span> <span class='ocrx_word' id='word_1_189' title='bbox 720 2222 860 2290; x_wconf 88' lang='lat' dir='ltr'><strong>uariisque</strong></span> <span class='ocrx_word' id='word_1_190' title='bbox 879 2219 1115 2275; x_wconf 84' lang='lat' dir='ltr'><strong>delectationibus</strong></span> 
     </span>
     <span class='ocr_line' id='line_1_24' title="bbox 99 2290 570 2361; baseline -0.002 -16"><span class='ocrx_word' id='word_1_191' title='bbox 99 2295 128 2345; x_wconf 87' lang='lat' dir='ltr'><strong>et</strong></span> <span class='ocrx_word' id='word_1_192' title='bbox 146 2290 237 2346; x_wconf 87' lang='lat' dir='ltr'><strong>animi</strong></span> <span class='ocrx_word' id='word_1_193' title='bbox 256 2294 285 2344; x_wconf 90' lang='lat' dir='ltr'><strong>et</strong></span> <span class='ocrx_word' id='word_1_194' title='bbox 302 2291 428 2359; x_wconf 85' lang='lat' dir='ltr'><strong>corporis</strong></span> <span class='ocrx_word' id='word_1_195' title='bbox 446 2293 570 2361; x_wconf 86' lang='lat' dir='ltr'><strong>pienum.</strong></span> 
     </span>
    </p>
   </div>
   <div class='ocr_carea' id='block_1_4' title="bbox 190 2387 1116 2466">
    <p class='ocr_par' dir='ltr' id='par_1_4' title="bbox 190 2387 1116 2466">
     <span class='ocr_line' id='line_1_25' title="bbox 190 2387 1116 2466; baseline -0.002 -20"><span class='ocrx_word' id='word_1_196' title='bbox 190 2387 265 2446; x_wconf 87' lang='lat' dir='ltr'><strong>Post</strong></span> <span class='ocrx_word' id='word_1_197' title='bbox 282 2387 406 2447; x_wconf 83' lang='lat' dir='ltr'><strong>Maximi</strong></span> <span class='ocrx_word' id='word_1_198' title='bbox 428 2389 585 2448; x_wconf 88' lang='lat' dir='ltr'><strong>interitum</strong></span> <span class='ocrx_word' id='word_1_199' title='bbox 603 2390 785 2466; x_wconf 85' lang='lat' dir='ltr'><strong>Burdigalae</strong></span> <span class='ocrx_word' id='word_1_200' title='bbox 809 2390 938 2464; x_wconf 89' lang='lat' dir='ltr'><strong>scriptus</strong></span> <span class='ocrx_word' id='word_1_201' title='bbox 957 2392 1004 2447; x_wconf 90' lang='lat' dir='ltr'><strong>est</strong></span> <span class='ocrx_word' id='word_1_202' title='bbox 1022 2387 1116 2445; x_wconf 89' lang='lat' dir='ltr'><strong>Ordo</strong></span> 
     </span>
    </p>
   </div>
   <div class='ocr_carea' id='block_1_5' title="bbox 190 2475 1116 2551">
    <p class='ocr_par' dir='ltr' id='par_1_5' title="bbox 190 2475 1116 2551">
     <span class='ocr_line' id='line_1_26' title="bbox 190 2475 1116 2551; baseline -0.003 -17"><span class='ocrx_word' id='word_1_203' title='bbox 190 2475 333 2535; x_wconf 87' lang='lat' dir='ltr'><strong>urbium</strong></span> <span class='ocrx_word' id='word_1_204' title='bbox 366 2477 545 2536; x_wconf 88' lang='lat' dir='ltr'><strong>nobilium</strong></span> <span class='ocrx_word' id='word_1_205' title='bbox 577 2483 613 2548; x_wconf 90' lang='lat' dir='ltr'><strong>(u.</strong></span> <span class='ocrx_word' id='word_1_206' title='bbox 635 2491 668 2539; x_wconf 79' lang='lat'><strong>70</strong></span> <span class='ocrx_word' id='word_1_207' title='bbox 692 2481 831 2536; x_wconf 83' lang='lat' dir='ltr'><strong>Maximus</strong></span> <span class='ocrx_word' id='word_1_208' title='bbox 854 2480 968 2551; x_wconf 89' lang='lat' dir='ltr'><strong>punitus</strong></span> <span class='ocrx_word' id='word_1_209' title='bbox 995 2486 1045 2535; x_wconf 86' lang='lat'><strong>133</strong></span> <span class='ocrx_word' id='word_1_210' title='bbox 1064 2495 1116 2532; x_wconf 88' lang='lat' dir='ltr'><strong>uec</strong></span> 
     </span>
    </p>
   </div>
   <div class='ocr_carea' id='block_1_6' title="bbox 190 2553 1117 2695">
    <p class='ocr_par' dir='ltr' id='par_1_6' title="bbox 190 2553 1117 2695">
     <span class='ocr_line' id='line_1_27' title="bbox 190 2553 1117 2695; baseline 0 -86"><span class='ocrx_word' id='word_1_211' title='bbox 190 2557 265 2681; x_wconf 59' lang='lat' dir='ltr'><strong>{nim</strong></span> <span class='ocrx_word' id='word_1_212' title='bbox 294 2557 364 2695; x_wconf 69' lang='lat' dir='ltr'><strong>mi)hi</strong></span> <span class='ocrx_word' id='word_1_213' title='bbox 394 2557 515 2612; x_wconf 89' lang='lat' dir='ltr'><strong>barbara</strong></span> <span class='ocrx_word' id='word_1_214' title='bbox 536 2560 627 2613; x_wconf 85' lang='lat' dir='ltr'><strong>Rheni</strong></span> <span class='ocrx_word' id='word_1_215' title='bbox 656 2576 706 2614; x_wconf 88' lang='lat' dir='ltr'><strong>ora</strong></span> <span class='ocrx_word' id='word_1_216' title='bbox 728 2558 827 2612; x_wconf 88' lang='lat' dir='ltr'><strong>domus</strong></span> <span class='ocrx_word' id='word_1_217' title='bbox 851 2558 895 2610; x_wconf 89' lang='lat' dir='ltr'><strong>est</strong></span> <span class='ocrx_word' id='word_1_218' title='bbox 918 2562 970 2609; x_wconf 74' lang='lat'><strong>167</strong></span> <span class='ocrx_word' id='word_1_219' title='bbox 995 2554 1064 2609; x_wconf 88' lang='lat' dir='ltr'><strong>ciuis</strong></span> <span class='ocrx_word' id='word_1_220' title='bbox 1087 2553 1117 2609; x_wconf 92' lang='lat' dir='ltr'><strong>in</strong></span> 
     </span>
     <span class='ocr_line' id='line_1_28' title="bbox 211 2645 346 2682; baseline 0.015 -2"><span class='ocrx_word' id='word_1_221' title='bbox 211 2645 244 2681; x_wconf 90' lang='lat' dir='ltr'><strong>ac</strong></span> <span class='ocrx_word' id='word_1_222' title='bbox 265 2645 346 2682; x_wconf 90' lang='lat' dir='ltr'><strong>sum.</strong></span> 
     </span>
    </p>
   </div>
   <div class='ocr_carea' id='block_1_7' title="bbox 190 2719 1116 2981">
    <p class='ocr_par' dir='ltr' id='par_1_7' title="bbox 190 2719 1116 2981">
     <span class='ocr_line' id='line_1_29' title="bbox 191 2719 1116 2796; baseline -0.002 -13"><span class='ocrx_word' id='word_1_223' title='bbox 191 2719 433 2785; x_wconf 89' lang='lat' dir='ltr'><strong>Theodosius</strong></span> <span class='ocrx_word' id='word_1_224' title='bbox 448 2720 483 2785; x_wconf 90' lang='lat' dir='ltr'><strong>in</strong></span> <span class='ocrx_word' id='word_1_225' title='bbox 498 2743 610 2785; x_wconf 90' lang='lat' dir='ltr'><strong>omnes</strong></span> <span class='ocrx_word' id='word_1_226' title='bbox 626 2721 775 2784; x_wconf 90' lang='lat' dir='ltr'><strong>homines</strong></span> <span class='ocrx_word' id='word_1_227' title='bbox 785 2720 991 2796; x_wconf 88' lang='lat' dir='ltr'><strong>honorificus,</strong></span> <span class='ocrx_word' id='word_1_228' title='bbox 1004 2740 1116 2782; x_wconf 88' lang='lat' dir='ltr'><strong>uerum</strong></span> 
     </span>
     <span class='ocr_line' id='line_1_30' title="bbox 190 2808 1115 2895; baseline 0 -24"><span class='ocrx_word' id='word_1_229' title='bbox 190 2808 326 2872; x_wconf 85' lang='lat' dir='ltr'><strong>effusius</strong></span> <span class='ocrx_word' id='word_1_230' title='bbox 343 2809 377 2873; x_wconf 92' lang='lat' dir='ltr'><strong>in</strong></span> <span class='ocrx_word' id='word_1_231' title='bbox 391 2810 508 2895; x_wconf 83' lang='lat' dir='ltr'><strong>bon0s3</strong></span> <span class='ocrx_word' id='word_1_232' title='bbox 529 2809 688 2892; x_wconf 87' lang='lat' dir='ltr'><strong>simplicia</strong></span> <span class='ocrx_word' id='word_1_233' title='bbox 707 2809 839 2894; x_wconf 85' lang='lat' dir='ltr'><strong>ingenia</strong></span> <span class='ocrx_word' id='word_1_234' title='bbox 854 2831 954 2892; x_wconf 88' lang='lat' dir='ltr'><strong>aeque</strong></span> <span class='ocrx_word' id='word_1_235' title='bbox 970 2808 1115 2893; x_wconf 85' lang='lat' dir='ltr'><strong>diligere,</strong></span> 
     </span>
     <span class='ocr_line' id='line_1_31' title="bbox 190 2896 976 2981; baseline 0.003 -22"><span class='ocrx_word' id='word_1_236' title='bbox 190 2896 318 2962; x_wconf 85' lang='lat' dir='ltr'><strong>erudita</strong></span> <span class='ocrx_word' id='word_1_237' title='bbox 341 2898 466 2981; x_wconf 87' lang='lat' dir='ltr'><strong>mirari,</strong></span> <span class='ocrx_word' id='word_1_238' title='bbox 490 2899 545 2963; x_wconf 91' lang='lat' dir='ltr'><strong>sed</strong></span> <span class='ocrx_word' id='word_1_239' title='bbox 570 2899 701 2963; x_wconf 84' lang='lat' dir='ltr'><strong>innoxia</strong></span> <span class='ocrx_word' id='word_1_240' title='bbox 725 2908 857 2978; x_wconf 81' lang='lat' dir='ltr'><strong>(Epitom.</strong></span> <span class='ocrx_word' id='word_1_241' title='bbox 877 2915 920 2976; x_wconf 81' lang='grc'><strong>48,</strong></span> <span class='ocrx_word' id='word_1_242' title='bbox 940 2908 976 2972; x_wconf 86' lang='grc'><strong>8).</strong></span> 
     </span>
    </p>
   </div>
   <div class='ocr_carea' id='block_1_8' title="bbox 95 3010 1117 3801">
    <p class='ocr_par' dir='ltr' id='par_1_8' title="bbox 95 3010 1117 3801">
     <span class='ocr_line' id='line_1_32' title="bbox 95 3010 1115 3088; baseline -0.003 -19"><span class='ocrx_word' id='word_1_243' title='bbox 95 3013 167 3088; x_wconf 89' lang='lat' dir='ltr'><strong>post</strong></span> <span class='ocrx_word' id='word_1_244' title='bbox 182 3027 210 3068; x_wconf 87' lang='lat' dir='ltr'><strong>a.</strong></span> <span class='ocrx_word' id='word_1_245' title='bbox 225 3011 289 3070; x_wconf 90' lang='grc'><strong>388</strong></span> <span class='ocrx_word' id='word_1_246' title='bbox 304 3011 476 3086; x_wconf 80' lang='lat' dir='ltr'><strong>Epistula</strong></span> <span class='ocrx_word' id='word_1_247' title='bbox 490 3010 686 3070; x_wconf 82' lang='lat' dir='ltr'><strong>Theodosii</strong></span> <span class='ocrx_word' id='word_1_248' title='bbox 701 3010 743 3069; x_wconf 91' lang='lat' dir='ltr'><strong>ad</strong></span> <span class='ocrx_word' id='word_1_249' title='bbox 756 3010 963 3069; x_wconf 88' lang='lat' dir='ltr'><strong>Ausonium.</strong></span> <span class='ocrx_word' id='word_1_250' title='bbox 997 3030 1115 3083; x_wconf 87' lang='lat' dir='ltr'><strong>„parens</strong></span> 
     </span>
     <span class='ocr_line' id='line_1_33' title="bbox 190 3088 1115 3161; baseline -0.001 -19"><span class='ocrx_word' id='word_1_251' title='bbox 190 3088 407 3146; x_wconf 84' lang='lat' dir='ltr'><strong>iucundissime¹⁸</strong></span> <span class='ocrx_word' id='word_1_252' title='bbox 422 3109 484 3145; x_wconf 92' lang='lat' dir='ltr'><strong>cum</strong></span> <span class='ocrx_word' id='word_1_253' title='bbox 500 3090 674 3146; x_wconf 87' lang='lat' dir='ltr'><strong>Theodosius</strong></span> <span class='ocrx_word' id='word_1_254' title='bbox 689 3089 814 3161; x_wconf 86' lang='lat' dir='ltr'><strong>adpellet</strong></span> <span class='ocrx_word' id='word_1_255' title='bbox 827 3090 990 3156; x_wconf 84' lang='lat' dir='ltr'><strong>Ausonium,</strong></span> <span class='ocrx_word' id='word_1_256' title='bbox 1010 3089 1115 3157; x_wconf 88' lang='lat' dir='ltr'><strong>scripta</strong></span> 
     </span>
     <span class='ocr_line' id='line_1_34' title="bbox 190 3160 1116 3230; baseline -0.003 -15"><span class='ocrx_word' id='word_1_257' title='bbox 190 3166 235 3215; x_wconf 88' lang='lat' dir='ltr'><strong>est</strong></span> <span class='ocrx_word' id='word_1_258' title='bbox 253 3161 387 3230; x_wconf 83' lang='lat' dir='ltr'><strong>epistula,</strong></span> <span class='ocrx_word' id='word_1_259' title='bbox 411 3163 503 3216; x_wconf 90' lang='lat' dir='ltr'><strong>adhuc</strong></span> <span class='ocrx_word' id='word_1_260' title='bbox 521 3162 589 3217; x_wconf 89' lang='lat' dir='ltr'><strong>uiua</strong></span> <span class='ocrx_word' id='word_1_261' title='bbox 608 3179 670 3216; x_wconf 90' lang='lat' dir='ltr'><strong>cnm</strong></span> <span class='ocrx_word' id='word_1_262' title='bbox 690 3163 751 3216; x_wconf 89' lang='lat' dir='ltr'><strong>erat</strong></span> <span class='ocrx_word' id='word_1_263' title='bbox 770 3161 898 3216; x_wconf 83' lang='lat' dir='ltr'><strong>Gratiani</strong></span> <span class='ocrx_word' id='word_1_264' title='bbox 916 3161 1051 3215; x_wconf 87' lang='lat' dir='ltr'><strong>memoria</strong></span> <span class='ocrx_word' id='word_1_265' title='bbox 1070 3160 1116 3213; x_wconf 87' lang='lat' dir='ltr'><strong>uel</strong></span> 
     </span>
     <span class='ocr_line' id='line_1_35' title="bbox 190 3231 1115 3303; baseline -0.003 -17"><span class='ocrx_word' id='word_1_266' title='bbox 190 3232 389 3303; x_wconf 85' lang='lat' dir='ltr'><strong>redintegrata,</strong></span> <span class='ocrx_word' id='word_1_267' title='bbox 404 3234 479 3301; x_wconf 86' lang='lat' dir='ltr'><strong>quod</strong></span> <span class='ocrx_word' id='word_1_268' title='bbox 494 3250 549 3301; x_wconf 92' lang='lat' dir='ltr'><strong>qua</strong></span> <span class='ocrx_word' id='word_1_269' title='bbox 562 3250 592 3287; x_wconf 88' lang='lat' dir='ltr'><strong>re</strong></span> <span class='ocrx_word' id='word_1_270' title='bbox 606 3232 697 3301; x_wconf 73' lang='lat' dir='ltr'><strong>magis</strong></span> <span class='ocrx_word' id='word_1_271' title='bbox 712 3234 806 3302; x_wconf 92' lang='lat' dir='ltr'><strong>potuit</strong></span> <span class='ocrx_word' id='word_1_272' title='bbox 819 3233 879 3286; x_wconf 85' lang='lat' dir='ltr'><strong>lieri</strong></span> <span class='ocrx_word' id='word_1_273' title='bbox 893 3249 978 3300; x_wconf 89' lang='lat' dir='ltr'><strong>quam</strong></span> <span class='ocrx_word' id='word_1_274' title='bbox 992 3231 1115 3284; x_wconf 80' lang='lat' dir='ltr'><strong>Maximo</strong></span> 
     </span>
     <span class='ocr_line' id='line_1_36' title="bbox 190 3300 1116 3373; baseline -0.002 -17"><span class='ocrx_word' id='word_1_275' title='bbox 190 3305 309 3371; x_wconf 81' lang='lat' dir='ltr'><strong>tyranno</strong></span> <span class='ocrx_word' id='word_1_276' title='bbox 324 3304 445 3360; x_wconf 90' lang='lat' dir='ltr'><strong>deuicto.</strong></span> <span class='ocrx_word' id='word_1_277' title='bbox 470 3321 559 3373; x_wconf 87' lang='lat' dir='ltr'><strong>eaque</strong></span> <span class='ocrx_word' id='word_1_278' title='bbox 573 3304 693 3359; x_wconf 90' lang='lat' dir='ltr'><strong>uictoria</strong></span> <span class='ocrx_word' id='word_1_279' title='bbox 708 3305 790 3358; x_wconf 90' lang='lat' dir='ltr'><strong>simul</strong></span> <span class='ocrx_word' id='word_1_280' title='bbox 800 3305 834 3357; x_wconf 89' lang='lat' dir='ltr'><strong>ad</strong></span> <span class='ocrx_word' id='word_1_281' title='bbox 846 3319 982 3356; x_wconf 90' lang='lat' dir='ltr'><strong>summam</strong></span> <span class='ocrx_word' id='word_1_282' title='bbox 993 3300 1116 3356; x_wconf 88' lang='lat' dir='ltr'><strong>auctori-</strong></span> 
     </span>
     <span class='ocr_line' id='line_1_37' title="bbox 190 3372 1115 3443; baseline -0.004 -15"><span class='ocrx_word' id='word_1_283' title='bbox 190 3376 278 3429; x_wconf 85' lang='lat' dir='ltr'><strong>tatem</strong></span> <span class='ocrx_word' id='word_1_284' title='bbox 298 3381 413 3429; x_wconf 88' lang='lat' dir='ltr'><strong>euectus</strong></span> <span class='ocrx_word' id='word_1_285' title='bbox 432 3377 494 3431; x_wconf 84' lang='lat' dir='ltr'><strong>erat</strong></span> <span class='ocrx_word' id='word_1_286' title='bbox 513 3375 696 3431; x_wconf 89' lang='lat' dir='ltr'><strong>Theodosius.</strong></span> <span class='ocrx_word' id='word_1_287' title='bbox 725 3379 751 3443; x_wconf 78' lang='lat'><strong>(7</strong></span> <span class='ocrx_word' id='word_1_288' title='bbox 771 3392 805 3428; x_wconf 89' lang='lat' dir='ltr'><strong>ns</strong></span> <span class='ocrx_word' id='word_1_289' title='bbox 826 3373 952 3427; x_wconf 86' lang='lat' dir='ltr'><strong>fraudari</strong></span> <span class='ocrx_word' id='word_1_290' title='bbox 970 3390 1015 3428; x_wconf 92' lang='lat' dir='ltr'><strong>me</strong></span> <span class='ocrx_word' id='word_1_291' title='bbox 1029 3372 1115 3441; x_wconf 90' lang='lat' dir='ltr'><strong>scrip-</strong></span> 
     </span>
     <span class='ocr_line' id='line_1_38' title="bbox 189 3442 1117 3515; baseline -0.005 -16"><span class='ocrx_word' id='word_1_292' title='bbox 189 3449 283 3499; x_wconf 85' lang='lat' dir='ltr'><strong>torum</strong></span> <span class='ocrx_word' id='word_1_293' title='bbox 306 3448 419 3501; x_wconf 82' lang='lat' dir='ltr'><strong>tuorum</strong></span> <span class='ocrx_word' id='word_1_294' title='bbox 438 3445 559 3499; x_wconf 82' lang='lat' dir='ltr'><strong>lectione</strong></span> <span class='ocrx_word' id='word_1_295' title='bbox 578 3445 710 3515; x_wconf 83' lang='lat' dir='ltr'><strong>patiaris,</strong></span> <span class='ocrx_word' id='word_1_296' title='bbox 734 3462 806 3512; x_wconf 85' lang='lat' dir='ltr'><strong>quae</strong></span> <span class='ocrx_word' id='word_1_297' title='bbox 825 3444 894 3500; x_wconf 91' lang='lat' dir='ltr'><strong>olim</strong></span> <span class='ocrx_word' id='word_1_298' title='bbox 912 3444 981 3498; x_wconf 90' lang='lat' dir='ltr'><strong>mihi</strong></span> <span class='ocrx_word' id='word_1_299' title='bbox 1001 3442 1117 3513; x_wconf 85' lang='lat' dir='ltr'><strong>cognita</strong></span> 
     </span>
     <span class='ocr_line' id='line_1_39' title="bbox 191 3515 1116 3586; baseline -0.005 -16"><span class='ocrx_word' id='word_1_300' title='bbox 191 3519 220 3570; x_wconf 89' lang='lat' dir='ltr'><strong>et</strong></span> <span class='ocrx_word' id='word_1_301' title='bbox 238 3517 294 3571; x_wconf 90' lang='lat' dir='ltr'><strong>iam</strong></span> <span class='ocrx_word' id='word_1_302' title='bbox 315 3535 365 3586; x_wconf 88' lang='lat' dir='ltr'><strong>per</strong></span> <span class='ocrx_word' id='word_1_303' title='bbox 382 3520 493 3586; x_wconf 81' lang='lat' dir='ltr'><strong>tompus</strong></span> <span class='ocrx_word' id='word_1_304' title='bbox 513 3517 602 3572; x_wconf 87' lang='lat' dir='ltr'><strong>oblita</strong></span> <span class='ocrx_word' id='word_1_305' title='bbox 620 3535 730 3570; x_wconf 87' lang='lat' dir='ltr'><strong>rursum</strong></span> <span class='ocrx_word' id='word_1_306' title='bbox 749 3516 885 3584; x_wconf 82' lang='lat' dir='ltr'><strong>desidero,</strong></span> <span class='ocrx_word' id='word_1_307' title='bbox 905 3533 961 3569; x_wconf 91' lang='lat' dir='ltr'><strong>non</strong></span> <span class='ocrx_word' id='word_1_308' title='bbox 977 3516 1068 3571; x_wconf 90' lang='lat' dir='ltr'><strong>solum</strong></span> <span class='ocrx_word' id='word_1_309' title='bbox 1084 3515 1116 3566; x_wconf 90' lang='lat' dir='ltr'><strong>ut</strong></span> 
     </span>
     <span class='ocr_line' id='line_1_40' title="bbox 190 3584 1116 3657; baseline -0.006 -15"><span class='ocrx_word' id='word_1_310' title='bbox 190 3605 262 3656; x_wconf 86' lang='lat' dir='ltr'><strong>qnae</strong></span> <span class='ocrx_word' id='word_1_311' title='bbox 277 3591 343 3643; x_wconf 90' lang='lat' dir='ltr'><strong>sunt</strong></span> <span class='ocrx_word' id='word_1_312' title='bbox 355 3589 424 3644; x_wconf 90' lang='lat' dir='ltr'><strong>nota</strong></span> <span class='ocrx_word' id='word_1_313' title='bbox 437 3589 605 3656; x_wconf 89' lang='lat' dir='ltr'><strong>recolantur,</strong></span> <span class='ocrx_word' id='word_1_314' title='bbox 625 3589 674 3643; x_wconf 87' lang='lat' dir='ltr'><strong>sed</strong></span> <span class='ocrx_word' id='word_1_315' title='bbox 689 3588 775 3643; x_wconf 91' lang='lat' dir='ltr'><strong>etiam</strong></span> <span class='ocrx_word' id='word_1_316' title='bbox 788 3589 821 3641; x_wconf 88' lang='lat' dir='ltr'><strong>ut</strong></span> <span class='ocrx_word' id='word_1_317' title='bbox 835 3602 906 3657; x_wconf 88' lang='lat' dir='ltr'><strong>quae</strong></span> <span class='ocrx_word' id='word_1_318' title='bbox 922 3588 997 3641; x_wconf 82' lang='lat' dir='ltr'><strong>lama</strong></span> <span class='ocrx_word' id='word_1_319' title='bbox 1011 3584 1116 3640; x_wconf 89' lang='lat' dir='ltr'><strong>celebri</strong></span> 
     </span>
     <span class='ocr_line' id='line_1_41' title="bbox 189 3654 1117 3728; baseline -0.009 -14"><span class='ocrx_word' id='word_1_320' title='bbox 189 3660 302 3714; x_wconf 85' lang='lat' dir='ltr'><strong>adiecta</strong></span> <span class='ocrx_word' id='word_1_321' title='bbox 328 3661 522 3714; x_wconf 88' lang='lat' dir='ltr'><strong>memorantur</strong></span> <span class='ocrx_word' id='word_1_322' title='bbox 549 3661 713 3728; x_wconf 85' lang='lat' dir='ltr'><strong>accipiam.“</strong></span> <span class='ocrx_word' id='word_1_323' title='bbox 754 3659 801 3713; x_wconf 88' lang='lat' dir='ltr'><strong>hic</strong></span> <span class='ocrx_word' id='word_1_324' title='bbox 828 3660 890 3727; x_wconf 90' lang='lat' dir='ltr'><strong>quis</strong></span> <span class='ocrx_word' id='word_1_325' title='bbox 915 3656 1026 3712; x_wconf 91' lang='lat' dir='ltr'><strong>dubitet</strong></span> <span class='ocrx_word' id='word_1_326' title='bbox 1049 3654 1117 3722; x_wconf 92' lang='lat' dir='ltr'><strong>quin</strong></span> 
     </span>
     <span class='ocr_line' id='line_1_42' title="bbox 191 3729 871 3801; baseline -0.001 -17"><span class='ocrx_word' id='word_1_327' title='bbox 191 3731 281 3785; x_wconf 84' lang='lat' dir='ltr'><strong>Vrbes</strong></span> <span class='ocrx_word' id='word_1_328' title='bbox 299 3748 368 3801; x_wconf 89' lang='lat' dir='ltr'><strong>prae</strong></span> <span class='ocrx_word' id='word_1_329' title='bbox 387 3732 487 3786; x_wconf 88' lang='lat' dir='ltr'><strong>ceteris</strong></span> <span class='ocrx_word' id='word_1_330' title='bbox 507 3729 648 3800; x_wconf 84' lang='lat' dir='ltr'><strong>significet</strong></span> <span class='ocrx_word' id='word_1_331' title='bbox 667 3729 871 3797; x_wconf 65' lang='lat' dir='ltr'><strong>Theodosium)</strong></span> 
     </span>
    </p>
   </div>
   <div class='ocr_carea' id='block_1_9' title="bbox 98 3819 1120 3978">
    <p class='ocr_par' dir='ltr' id='par_1_9' title="bbox 98 3819 1120 3978">
     <span class='ocr_line' id='line_1_43' title="bbox 98 3819 1120 3905; baseline -0.013 -16"><span class='ocrx_word' id='word_1_332' title='bbox 98 3822 165 3889; x_wconf 83' lang='lat'><strong>388</strong></span> <span class='ocrx_word' id='word_1_333' title='bbox 190 3820 355 3887; x_wconf 80' lang='lat' dir='ltr'><strong>Flauius</strong></span> <span class='ocrx_word' id='word_1_334' title='bbox 379 3821 583 3887; x_wconf 89' lang='lat' dir='ltr'><strong>Promotus</strong></span> <span class='ocrx_word' id='word_1_335' title='bbox 607 3820 694 3885; x_wconf 91' lang='lat' dir='ltr'><strong>bella</strong></span> <span class='ocrx_word' id='word_1_336' title='bbox 714 3822 815 3905; x_wconf 85' lang='lat' dir='ltr'><strong>gessit</strong></span> <span class='ocrx_word' id='word_1_337' title='bbox 833 3821 866 3883; x_wconf 94' lang='lat' dir='ltr'><strong>in</strong></span> <span class='ocrx_word' id='word_1_338' title='bbox 886 3819 1034 3883; x_wconf 83' lang='lat' dir='ltr'><strong>Thracia.</strong></span> <span class='ocrx_word' id='word_1_339' title='bbox 1064 3823 1120 3877; x_wconf 83' lang='lat' dir='ltr'><strong>fnit</strong></span> 
     </span>
     <span class='ocr_line' id='line_1_44' title="bbox 188 3897 1119 3978; baseline -0.015 -15"><span class='ocrx_word' id='word_1_340' title='bbox 188 3908 213 3963; x_wconf 85' lang='lat' dir='ltr'><strong>is</strong></span> <span class='ocrx_word' id='word_1_341' title='bbox 238 3923 333 3963; x_wconf 89' lang='lat' dir='ltr'><strong>comes</strong></span> <span class='ocrx_word' id='word_1_342' title='bbox 350 3907 477 3973; x_wconf 79' lang='lat' dir='ltr'><strong>Africae,</strong></span> <span class='ocrx_word' id='word_1_343' title='bbox 500 3905 637 3978; x_wconf 82' lang='lat' dir='ltr'><strong>magister</strong></span> <span class='ocrx_word' id='word_1_344' title='bbox 655 3906 778 3961; x_wconf 91' lang='lat' dir='ltr'><strong>militnm</strong></span> <span class='ocrx_word' id='word_1_345' title='bbox 796 3922 822 3961; x_wconf 87' lang='lat' dir='ltr'><strong>a.</strong></span> <span class='ocrx_word' id='word_1_346' title='bbox 841 3910 996 3971; x_wconf 79' lang='grc'><strong>386-391,</strong></span> <span class='ocrx_word' id='word_1_347' title='bbox 1021 3897 1119 3955; x_wconf 91' lang='lat' dir='ltr'><strong>consul</strong></span> 
     </span>
    </p>
   </div>
   <div class='ocr_carea' id='block_1_10' title="bbox 0 0 1220 4274">
    <p class='ocr_par' dir='ltr' id='par_1_10' title="bbox 0 0 1220 4274">
     <span class='ocr_line' id='line_1_45' title="bbox 0 0 1220 4274; baseline 0 0"><span class='ocrx_word' id='word_1_348' title='bbox 0 0 1220 4274; x_wconf 95' lang='lat' dir='ltr'><strong> </strong></span> 
     </span>
    </p>
   </div>
  </div>
 </body>
</html>
