2430 4274
524 532 743 597 ..79-

79 763 129 811 [mg-
507 740 559 796 XX
586 740 764 797 EVPHEMO

124 868 173 934 Eu
200 868 333 934 hemum
357 866 515 934 Ciconum
539 868 704 934 ductorem
728 867 826 935 Troia
847 870 943 936 tellus

168 893 324 1023 Oondidit
345 957 470 1023 hastati
492 955 610 1022 Martis
634 957 674 1022 ad
697 957 848 1042 effigiem.

124 1045 194 1112 Nec
216 1047 298 1112 satis
322 1049 371 1111 est
393 1045 528 1111 titulum
551 1067 629 1111 saxo
653 1045 804 1112 incidisse
827 1047 981 1131 sepulcri3

167 1135 309 1220 Insuper
332 1140 365 1199 et
387 1134 530 1200 frontem
553 1135 639 1201 mole
663 1139 799 1201 onerant
822 1139 958 1201 statuae.

125 1223 223 1290 Ocius
247 1225 313 1289 ista
334 1227 446 1308 ruunt,
469 1245 553 1308 quae
576 1224 623 1290 sic
646 1223 813 1290 cumulata
834 1225 999 1291 locantur:
1125 1243 1141 1292 8

166 1312 277 1378 Maior
299 1313 355 1377 ubi
379 1316 430 1377 est
452 1313 572 1397 cultus,
594 1332 715 1396 magna
736 1313 830 1378 ruina
852 1313 972 1380 subest

77 1542 126 1592 ,88]
186 1521 253 1577 XXI
280 1519 490 1577 HIPPOTHOO
508 1520 556 1576 ΕΤ
574 1520 696 1578 PYLEO
714 1521 755 1575 IN
772 1521 897 1578 HORTO
917 1521 1088 1579 SHPVLTIS

120 1648 353 1735 Hippothoum
376 1648 576 1734 Pyleumque
599 1652 689 1714 tenet
711 1648 835 1734 gremio
857 1648 973 1714 infima
994 1651 1106 1716 tellus:

167 1737 326 1804 Oaulibus
350 1742 383 1802 et
404 1738 522 1802 meluis
545 1741 640 1823 terga
663 1758 805 1822 superna
826 1737 944 1802 uirent.

120 1826 195 1892 Nec
218 1830 319 1892 uexat
341 1827 465 1893 cineres
488 1825 578 1892 horti
601 1825 727 1896 cultura
749 1824 891 1910 quietos,

167 1914 258 1980 Dum
279 1919 431 1998 parcente
454 1936 553 1979 manu
576 1913 675 1980 molle
698 1914 794 1979 holus
818 1913 985 1981 excolitur.

77 2147 125 2195 ms]
380 2122 460 2178 XXII
487 2122 643 2179 ENNOMO
662 2122 709 2178 ET
728 2122 894 2180 CHROMIO

121 2251 296 2317 Ennomus
314 2250 368 2316 hic
388 2248 625 2335 Chromiusque
643 2251 764 2316 iacent:
783 2252 856 2337 quis
870 2251 979 2336 Mysia
997 2273 1141 2338 regnum,

170 2339 250 2416 Quis
272 2344 365 2423 pater
388 2339 544 2405 Alcinous
568 2339 779 2425 Oceanusque
803 2343 928 2406 atauus.

122 2427 292 2494 Nobilitas
316 2428 391 2513 quid
414 2432 509 2493 tanta
531 2427 646 2492 iuuat?
684 2449 748 2512 quo
771 2429 889 2493 clarius
912 2428 984 2492 istis

168 2515 233 2581 Est
255 2538 371 2602 genus,
394 2516 456 2582 hoc
479 2517 595 2582 mortis
619 2515 764 2582 condicio
788 2515 929 2600 grauior.

122 2707 191 2764 XXI
211 2707 342 2762 Eustath.
362 2706 414 2763 Od.
436 2714 517 2776 1688,
536 2714 584 2762 25:
613 2705 650 2769 ὡς
676 2709 803 2796 ‹lqlot
783 2708 835 2761 καί
858 2726 885 2760 τι
912 2707 969 2760 τῶν
996 2702 1074 2795 παρὰ
1102 2707 1141 2780 τῷ

160 2781 318 2866 Hoomvplcp
338 2748 570 2865 ἐπιγραμμάτων,
589 2777 673 2865 λέγον
691 2799 729 2842 ως
748 2775 804 2833 aad
823 2797 898 2841 τινος
915 2774 1028 2849 τάφου,
1047 2797 1090 2833 οτι

269 2834 349 2923 vciscp
369 2849 421 2920 pic
440 2846 568 2938 μαλάχην
587 2850 637 2904 acl
655 2844 817 2918 ἀσφόδελον
835 2845 998 2920 πολῦριζον

270 2905 365 2993 κόλπῳ
384 2919 462 2976 (li
435 2941 486 2976 τον
505 2923 588 2975 δεινα
608 2919 638 2990 ἕχ
640 2940 674 2974 ω·

161 2992 211 3047 ubi
234 3009 286 3062 pro
309 2976 403 3047 uerbis
425 2988 477 3046 siv
496 2994 578 3047 δεῖνα
597 3008 631 3046 ex
648 2992 773 3047 Ausonio
787 2987 1062 3060 188811888ίήδέ
1082 2988 1142 3046 lIc'·

160 3067 243 3144 locos
255 3064 388 3145 reposuit
401 3060 548 3131 ECurtius,
567 3058 727 3118 Οἰδιπόδαν
742 3062 832 3117 Λαΐου
852 3059 960 3118 oliv
936 3079 1035 3133 cappas
1056 3063 1144 3118 habet

161 3133 211 3202 qui
234 3134 364 3189 uisitur'
355 3152 385 3188 m
403 3134 519 3189 uasculo
538 3134 614 3204 picto
633 3133 723 3189 musei
741 3132 893 3190 Borbonici
907 3132 981 3188 cler
996 3133 1049 3188 IIII
1062 3139 1142 3189 8429.

162 3205 208 3269 (cl
228 3205 323 3275 Bergk
344 3203 561 3274 1116411858.)

198 3381 250 3435 xx
269 3401 375 3437 mm>
395 3381 423 3436 V
494 3381 671 3436 1888888
689 3381 716 3436 V
784 3364 1049 3436 assentimus
1127 3387 1144 3436 4

123 3458 234 3509 statute
256 3452 292 3507 V¹
365 3451 492 3508 tocius:
511 3469 526 3506 c
544 3456 608 3508 ext
631 3453 658 3507 V

197 3558 264 3615 XXI
281 3579 358 3615 aiano
377 3559 421 3629 Vl
438 3577 504 3615 earo
524 3558 551 3613 V
621 3559 757 3629 lpilenm
775 3559 801 3612 V
814 3561 819 3627 1
834 3535 986 3614 infinitell·
1005 3561 1043 3628 (m
1061 3573 1142 3614 recor.

122 3634 170 3697 81,
190 3633 238 3687 ast.
258 3648 337 3698 asa,
355 3649 398 3702 pr.
417 3647 435 3686 8
454 3631 709 3686 cumtcoaiuncit
732 3631 780 3698 ol.)
805 3629 832 3684 V
918 3630 1091 3703 4manu]¹u
1109 3644 1143 3684 ec

128 3722 140 3733 ⁶
195 3727 206 3757 Ι

124 3740 144 3776 n
169 3719 277 3864 VXXII
296 3827 422 3864 caomom
444 3808 471 3862 V
505 3816 518 3863 1
540 3807 680 3865 chromius
704 3807 749 3874 Vl
765 3807 847 3862 misia
870 3807 897 3861 V
983 3806 1143 3862 2alcino's

125 3882 294 3953 (culdei.)
320 3880 364 3950 Vl
380 3881 481 3936 atsbus
503 3879 530 3934 V
598 3879 715 3936 tiabat
737 3878 782 3951 Vl
798 3879 848 3934 stis
871 3877 898 3932 V
