2430 4274
491 537 688 601 ,3.-

35 784 56 825 Π
68 785 150 834 [4703]
410 783 582 832 nvsortlvs
606 782 767 832 SYAGRIO.

81 910 226 975 Pectoris
250 912 289 974 ut
310 909 416 975 nostri
439 909 549 973 sedem
573 908 666 990 colis,
690 907 775 971 alme
800 905 931 994 Syagri,

126 997 404 1082 Communemque
426 997 557 1062 habitas
580 997 665 1060 alter
687 1016 748 1080 ego
772 996 970 1062 Ausonium:

84 1086 137 1154 Sic
161 1088 261 1152 etiam
285 1093 398 1152 nostro
422 1086 588 1170 praefatus
611 1084 773 1149 habebere
797 1084 896 1168 libro,

125 1175 266 1241 Differat
289 1180 325 1241 ut
347 1174 464 1258 nihilo,
488 1175 532 1238 sit
553 1179 628 1240 tuus
652 1195 736 1238 anne
760 1196 861 1238 meus.

36 1510 67 1551 m
80 1513 125 1561 {-]
250 1492 464 1559 EPISTVLA
487 1490 709 1558 THEODOSI
732 1490 933 1557 AVGVSTI.

83 1656 326 1737 <caenosum
350 1669 531 1718 nvevsrvs
555 1668 706 1718 lusoruo
729 1669 882 1717 reanum
904 1654 1100 1736 sunum.)

150 1794 256 1860 Amor
274 1815 364 1859 meus
383 1795 439 1879 qui
457 1796 490 1858 in
509 1798 542 1857 te
557 1797 655 1857 estet
670 1792 842 1858 admiratio
861 1793 984 1878 ingenii
1005 1799 1100 1879 atque

82 1883 278 1949 eruditionis
297 1887 382 1966 tuae,
401 1905 482 1968 quae
501 1883 605 1946 multo
621 1881 763 1945 maxima
776 1885 860 1965 sunt,
879 1881 965 1961 fecit,
982 1904 1100 1966 parens

81 1971 329 2056 iucundissime,
357 1974 539 2037 utmorem
567 1969 769 2055 principibus
798 1970 870 2034 aliis
895 1970 1027 2036 solitum
1051 1993 1099 2037 se·

80 2066 284 2146 questrarem
307 2060 567 2143 familiaremque
591 2080 773 2124 sermonem
794 2060 1034 2144 autographum
1058 2060 1134 2126 adh

80 2156 114 2214 te
129 2150 396 2230 transmitterem,
415 2148 586 2232 postulans
600 2170 658 2232 pro
674 2148 742 2212 iure
756 2170 823 2212 non
837 2149 982 2232 equidem
997 2151 1100 2236 regio,

81 2239 139 2303 sed
163 2239 250 2303 illius
270 2238 418 2323 priuatae
442 2239 528 2301 inter
546 2258 606 2300 nos
632 2237 792 2319 caritatis,
814 2259 855 2300 ne
878 2236 1023 2303 fraudari
1047 2260 1098 2302 me

81 2328 280 2411 scriptorum
304 2331 436 2392 tuorum
459 2326 597 2390 lectione
621 2325 766 2409 patiaris.
810 2347 891 2410 quae
915 2326 994 2391 olim
1019 2327 1100 2391 mihi

81 2415 216 2500 cognita
235 2419 268 2480 et
287 2415 351 2480 iam
370 2437 428 2499 per
447 2419 576 2498 tempus
596 2415 698 2478 oblita
714 2436 842 2477 rursum
862 2413 1016 2496 desidero,
1033 2436 1100 2480 non

82 2504 190 2568 solum
220 2507 269 2586 ut,
297 2526 379 2587 quae
407 2508 483 2567 sunt
509 2507 602 2585 nota,
629 2502 826 2584 recolantur,
858 2501 911 2566 sed
941 2503 1040 2566 etiam
1063 2507 1100 2567 ut
1120 2518 1153 2566 10

82 2615 135 2676 ea,
160 2614 242 2676 quae
264 2592 353 2656 fama
376 2592 493 2657 celebri
518 2591 644 2655 adiecta
667 2593 901 2673 memorantur,
934 2592 1098 2675 accipiam.

82 2703 166 2765 quae
193 2687 231 2744 tn
255 2680 293 2744 de
316 2681 541 2767 promptuario
570 2679 762 2744 scriniorum
791 2681 935 2761 tuorum,
964 2680 1019 2763 qui
1047 2702 1100 2745 me

82 2791 191 2851 amas,
227 2769 332 2834 libens
365 2769 546 2854 imperties,
581 2772 711 2837 secutus
749 2768 896 2851 exempla
929 2775 1099 2834 auctorum

82 2859 294 2942 optimorum,
321 2859 439 2942 quibus
466 2880 526 2941 par
554 2879 624 2921 esse
648 2857 807 2921 meruisti:
837 2858 891 2940 qui
916 2856 1097 2924 Octauiano

80 2950 234 3032 Augusto
258 2969 365 3011 rerum
388 2947 528 3032 potienti
549 2946 699 3010 certatim
718 2967 816 3029 opera
835 2968 894 3010 sua
912 2945 1098 3032 tradebant,
1118 2961 1150 3009 15

80 3035 174 3100 nullo
198 3035 263 3099 fine
285 3035 321 3099 in
340 3037 409 3100 eius
432 3035 588 3100 honorem
608 3036 710 3099 multa
728 3035 911 3099 condentes.
949 3035 1005 3117 qui
1023 3037 1097 3101 illos

80 3125 165 3188 haut
187 3125 286 3189 eciam
311 3145 353 3188 an
377 3124 557 3208 acqualiter
579 3131 676 3207 atque
700 3144 760 3208 ego
784 3127 816 3187 te
841 3123 1020 3189 admiratus
1046 3125 1098 3209 sit,

82 3218 171 3277 certe
194 3234 261 3278 non
285 3213 425 3297 amplius
449 3213 616 3297 diligebat.
654 3213 725 3276 uale
748 3233 875 3294 parens.

154 3439 180 3492 11
200 3456 313 3494 sinemo
337 3438 364 3492 V
432 3445 521 3513 tque
541 3437 634 3494 abitas
658 3438 684 3490 V
741 3405 860 3492 eabiie
884 3440 929 3508 (bc
949 3440 985 3493 al.
1004 3440 1051 3508 ss.)
1072 3438 1099 3492 V
1128 3442 1157 3493 V

80 3509 394 3582 lsnicilo(nexm?)
419 3510 445 3564 V
837 3560 841 3567 .

153 3597 195 3652 III
213 3598 317 3670 Incipit
335 3599 456 3670 epistola
473 3599 604 3655 theodori
624 3597 738 3668 augusti
752 3598 796 3660 ΡΙ
812 3598 984 3654 Theodosius
1000 3630 1033 3639 —
1053 3615 1096 3653 aa·
1121 3600 1153 3652 P

80 3671 171 3726 lutem
190 3671 412 3736 Acumincum.
432 3672 460 3725 P
529 3677 546 3723 4
565 3669 764 3725 iocundissima
783 3671 829 3738 ΡΙ
850 3669 950 3724 solitus
969 3671 1009 3724 Ρ·
1027 3686 1096 3726 corr.

82 3743 228 3798 Acontius
282 3741 454 3812 9desydero
473 3743 501 3796 P
554 3747 586 3796 12
605 3742 776 3796 scrineorum
795 3742 824 3796 P
876 3748 909 3796 13
928 3741 1055 3812 ipertiea.
1072 3741 1100 3793 P

119 3819 153 3868 17
172 3813 272 3885 atque]
292 3813 349 3886 edi}
366 3814 417 3880 ΡΙ
442 3815 479 3868 ait
497 3813 640 3868 Acontius
658 3813 712 3866 scit
733 3813 760 3866 P

903 3988 937 4042 1*
