2430 4274
473 574 695 621 -x11-

81 716 252 801 machique
280 716 468 800 epistulam,
494 738 590 800 quam
614 720 721 780 utrum
745 715 814 799 ipse
837 678 1001 780 Ausonius
1024 714 1094 781 Μο-

81 806 178 871 sellae
207 805 378 871 subiecerit
405 827 446 869 an
470 809 584 889 postea
607 826 690 869 unus
714 826 839 889 eorum,
863 804 918 888 qui
941 804 1096 890 legebant

79 894 278 973 Ausoniana,
301 894 450 959 dubitare
474 893 590 978 possis.
627 915 703 957 nam
727 897 761 958 et
784 894 850 959 alia
867 893 987 978 insunt,
1011 915 1094 978 quae

79 987 117 1047 ut
140 982 303 1048 diuersum
329 982 521 1047 aVossiani
544 1003 666 1065 proauo
689 982 819 1067 librum,
841 1004 880 1046 ex
899 1002 962 1066 quo
981 982 1095 1047 deduc·

80 1076 133 1136 tus
158 1075 208 1137 est
230 1071 413 1155 Parisinus,
435 1071 537 1135 fuisse
561 1070 750 1153 ostendunt,
778 1070 825 1135 ita
848 1070 1093 1155 antiquissimae

81 1162 150 1224 eius
174 1160 291 1225 aetatis
313 1160 424 1244 luisse,
447 1181 511 1243 qua
530 1157 654 1224 Graeca
674 1159 781 1224 studia
800 1159 971 1224 florebant:
994 1160 1094 1224 uersi·

84 1249 174 1313 culos
197 1249 278 1313 istos
302 1248 384 1329 dico,
407 1248 524 1331 quibus
547 1249 656 1312 nescio
680 1249 752 1332 quis
770 1245 973 1313 Christianus
997 1248 1093 1313 homo

81 1336 136 1402 sed
161 1336 293 1402 Graecis
323 1337 440 1402 litteris
469 1337 582 1402 doctus
610 1336 649 1400 de
678 1336 892 1420 ambiguitate
915 1336 1002 1401 uitae
1026 1357 1094 1402 car·

81 1425 178 1491 minis
212 1426 362 1490 ultimum
391 1447 520 1490 uersum
549 1424 649 1509 (infra
675 1447 706 1508 p.
726 1421 784 1512 89)
812 1425 946 1508 refutat,
978 1426 1093 1509 quibus

81 1513 197 1580 addere
216 1514 293 1579 licet
307 1513 466 1579 Graecam
479 1514 725 1597 inscriptionem
740 1514 983 1598 epigrammatis
999 1513 1094 1580 modo

81 1603 325 1668 conmemorati.
356 1625 460 1688 neque
480 1603 638 1667 silendum
658 1607 708 1668 est
725 1603 814 1667 aliud
833 1603 995 1687 quoddam
1013 1607 1095 1669 tem·

82 1692 170 1775 poris
192 1693 383 1777 uestigium:
408 1690 555 1774 Hispalis
575 1692 659 1756 enim
679 1692 779 1775 urbis,
801 1713 897 1775 quam
913 1691 1093 1756 Vossianus

80 1780 114 1845 in
138 1779 276 1846 Vrbium
300 1803 330 1846 u.
350 1781 392 1846 82
415 1783 504 1845 recte
527 1779 625 1845 habet
643 1778 697 1867 (ci.
718 1779 835 1845 Strabo
854 1778 905 1845 III
925 1777 1013 1866 141),
1036 1801 1094 1845 no-

82 1869 193 1934 bilitas
222 1870 289 1934 iam
317 1872 459 1935 cesserat
480 1867 660 1952 Emeritae,
687 1869 772 1953 quod
794 1890 912 1934 nomen
936 1868 983 1933 ibi
1005 1868 1094 1934 Pari·

83 1958 171 2021 sinus
202 1958 346 2042 praebet.
371 1992 412 2004 -
436 1956 507 2022 Hae
531 1958 632 2042 igitur
655 1958 751 2022 unius
779 1956 898 2023 codicis
926 1957 1094 2041 relliquiae

82 2046 116 2109 in
138 2044 202 2110 duo
224 2049 340 2128 postea
357 2046 525 2111 uolumina
545 2045 688 2128 dilapsae
707 2049 791 2110 sunt.
828 2046 919 2109 cuius
938 2046 987 2110 rei
1004 2047 1095 2110 testi·

82 2132 228 2198 monium
260 2132 408 2219 equidem
440 2134 655 2198 certissimum
688 2133 792 2198 habeo
825 2134 1000 2217 rationem,
1033 2156 1096 2218 qua

82 2221 168 2285 inter
192 2243 225 2285 se
250 2222 379 2306 eclogas
402 2223 477 2287 illas
500 2226 654 2306 quattuor
675 2222 708 2285 in
722 2220 885 2287 Vossiano
904 2223 1029 2288 uicinas
1047 2225 1096 2288 ita

82 2309 222 2392 partitae
246 2314 324 2375 sunt
342 2311 427 2376 inter
446 2333 479 2375 se
499 2332 555 2376 eae
573 2310 798 2390 conlectiones,
822 2314 860 2375 ut
877 2312 1016 2393 primam
1032 2309 1094 2398 (Il)

83 2398 266 2482 Parisinus,
303 2400 444 2483 reliquas
475 2404 542 2464 tres
575 2396 730 2486 (III—V)
761 2399 825 2465 sibi
858 2405 998 2465 sumeret
1029 2400 1096 2466 Ex·

82 2491 266 2572 carptorum
288 2489 380 2553 liber.

148 2576 198 2641 De
227 2578 329 2644 altero
357 2577 469 2643 ordine
499 2575 614 2664 (libros
642 2575 667 2642 Z
695 2574 782 2663 dico)
812 2598 894 2660 quae
919 2576 1095 2661 disputari,

82 2667 194 2749 paucis
225 2666 445 2732 confirmanda
474 2667 564 2731 duco.
619 2669 716 2750 atque
748 2667 902 2749 pleraque
939 2667 1096 2749 opuscula

82 2775 183 2837 eaque
202 2754 411 2838 grauissima,
434 2777 515 2840 quae
533 2755 569 2818 hi
588 2754 665 2820 libri
685 2754 821 2834 habent,
844 2754 1000 2819 exclusa
1018 2759 1097 2820 sunt

82 2863 127 2905 ex
158 2842 304 2924 prioris
337 2843 500 2907 ordinis
532 2841 674 2925 libris,
707 2863 882 2926 eorumque
918 2843 1094 2909 maximam

82 2933 210 3013 partem
237 2930 403 2995 Ausonius
426 2935 483 2994 aut
509 2929 586 2996 fecit
609 2934 666 2994 aut
688 2929 789 2994 edidit
811 2952 922 3009 senex,
951 2935 1007 2995 aut
1029 2953 1094 2997 ser-

83 3039 177 3083 uasse
200 3018 234 3082 in
257 3019 384 3084 scriniis
407 3018 569 3104 putandus
592 3021 650 3102 est,
672 3040 732 3084 nec
754 3023 886 3102 recepta
907 3020 1039 3085 fuerunt
1061 3021 1095 3085 in

82 3104 344 3172 Theodosianum
362 3107 527 3191 exemplar
541 3103 621 3192 (uid.
633 3106 773 3190 Bissula,
793 3107 905 3190 (lento,
922 3107 1094 3192 Epigram-

83 3200 173 3259 mata
201 3195 318 3278 altera,
346 3197 505 3279 epistulae
534 3195 574 3259 ad
597 3195 735 3261 Paulum
757 3196 987 3279 Graecanicae,
1014 3197 1096 3263 Gra

84 3283 204 3347 tiarum
240 3285 338 3367 actio,
375 3281 464 3369 alia).
508 3304 568 3348 nec
598 3288 709 3349 tamen
741 3286 864 3368 omnia,
900 3307 983 3369 quae
1019 3290 1096 3370 post

84 3372 221 3438 alteram
239 3372 414 3438 editionem
433 3376 646 3455 accesserunt,
665 3373 772 3439 aliena
786 3377 861 3438 sunt
876 3374 917 3438 ab
932 3373 1096 3440 Vossiana

84 3461 295 3527 conlectione.
335 3484 412 3526 nam
436 3461 472 3526 in
494 3461 556 3527 hac
579 3460 773 3545 interposita
796 3465 873 3527 sunt
895 3463 999 3527 multa
1022 3485 1094 3528 cum

84 3548 124 3613 ab
148 3549 221 3633 ipso
236 3550 383 3615 Ausonio
405 3554 476 3615 tum
500 3550 541 3615 ab
565 3548 683 3616 herede
701 3571 767 3615 non
785 3550 966 3634 aptissimis
985 3552 1096 3617 omnia

83 3638 173 3722 locis,
196 3660 332 3722 quarum
355 3643 481 3721 partem
504 3638 613 3704 nescio
637 3661 679 3704 an
700 3638 831 3723 pensior
844 3648 933 3703 'cura
951 3637 1095 3724 (qualem

82 3726 118 3792 in
136 3727 362 3793 constituenda
380 3749 467 3793 noua
485 3727 625 3793 editione
647 3726 799 3793 adhibere
814 3728 922 3792 solent
936 3732 1096 3813 auctores,

80 3816 263 3900 neglegunt
280 3814 430 3903 heredes)
449 3817 524 3881 aliis
542 3817 624 3882 locis
645 3817 743 3882 fuerit
762 3816 991 3883 adiudicatum.
1018 3839 1094 3883 nam

61 3901 139 3963 aurs
165 3904 301 3984 qm‘dem
328 3905 413 3972 locis
443 3906 569 3994 recepti
599 3911 676 3973 sunt
703 3903 858 3972 Caesares
888 3905 1095 3989 posteriores,
