2430 4274
492 542 734 609 ..403-

575 751 649 807 xxi.

213 859 254 940 Τῇ
275 852 305 912 δ’
325 852 375 928 ἄρ’
397 854 444 913 tut
463 857 547 940 φρεσὶ
565 858 640 926 θῆκε
659 855 717 914 θεὰ
736 859 898 927 γλαυκῶπις
913 853 1016 930 Ἀθήνη

211 930 266 984 Hic
283 929 408 984 mentem
428 929 507 984 dedit
525 928 631 985 icariae
650 928 779 985 Tritonis
794 927 889 985 Pallas

170 1054 283 1121 Vlixes
296 1055 442 1121 Eumaeo
461 1059 495 1120 et
512 1055 684 1140 Philoefio,
702 1055 777 1122 fidei
796 1076 908 1121 eorum
924 1057 1118 1125 industriae-

103 1166 165 1231 que
185 1145 336 1224 confisus,
355 1146 411 1229 qui
430 1145 474 1209 sit
491 1145 624 1210 reuelat
652 1149 686 1209 et
703 1148 878 1230 postquam
900 1144 988 1211 facts
1009 1149 1118 1232 cogni-

102 1233 152 1299 tio
170 1237 234 1316 est,
258 1233 389 1300 caedem
412 1254 584 1317 procorum
606 1254 666 1319 pro
688 1236 837 1319 tempore
859 1234 978 1300 instrui
1000 1235 1153 1321 placete

103 1343 185 1407 quos
209 1321 322 1388 Vlixes
346 1326 419 1388 astu
444 1322 647 1409 aggreditur,
671 1326 710 1388 ut
731 1323 840 1408 ipsum
863 1344 990 1408 quoque
1012 1324 1117 1390 inten-

102 1410 207 1476 dendo
231 1431 341 1477 areum
363 1412 450 1476 uires
474 1411 593 1477 seniles
617 1412 785 1496 explorare
807 1411 983 1496 patiantur.
1020 1433 1117 1497 quem

101 1499 160 1564 uni
180 1499 341 1584 quondam
355 1498 445 1564 Vlixi
463 1499 592 1565 facilem
608 1500 636 1564 si
651 1500 722 1584 quis
737 1499 927 1584 intenderet,
944 1500 1116 1567 habiturus

102 1590 190 1652 esset
212 1588 391 1672 praemium
410 1588 513 1672 ipsius
531 1587 713 1672 Penelopae
731 1588 927 1672 nuptiarum.
964 1589 1020 1654 sed
1042 1611 1116 1674 pro

102 1676 291 1741 bibentibus
309 1677 430 1760 procis,
453 1699 494 1741 ne
512 1676 545 1741 id
564 1676 717 1741 ridiculus
737 1679 770 1740 et
788 1676 955 1742 mendicus
974 1678 1116 1762 auderet,
1135 1694 1169 1744 10

102 1764 189 1850 quod
209 1764 331 1830 frustra
349 1765 499 1831 iuuentus
518 1768 589 1830 tam
607 1765 710 1830 electa
728 1768 935 1849 temptasset,
957 1765 1015 1830 dat
1027 1764 1116 1832 Tele

103 1853 237 1918 machus
260 1852 352 1919 Vlixi
380 1853 495 1920 ceteris
523 1853 743 1919 abnuentibus
766 1851 950 1937 experiendi
972 1858 1115 1939 potesta-

101 1945 177 2006 tem.
224 1945 257 2006 et
291 1941 369 2006 hinc
404 1943 550 2008 nascitur
585 1941 757 2007 admiratio
794 1963 935 2026 persona
976 1943 1116 2027 uirtutis,

102 2028 257 2095 dedecore
276 2051 334 2095 suo
353 2032 468 2096 ceteris
488 2030 765 2111 erubescentibus,
790 2051 926 2115 quorum
949 2031 1114 2116 ignauiam

102 2139 200 2182 senex
224 2122 257 2184 et
280 2120 445 2184 mendicus
469 2121 622 2204 arguerit.
1136 2136 1168 2184 15

564 2328 648 2384 XXII.

209 2428 325 2506 <Ariusio
345 2429 360 2488 ὁ
381 2432 520 2504 γυμνώθη
539 2432 650 2504 desios
668 2431 822 2503 πολύμητις
837 2429 1008 2507 Ὀδυσσεύς>

210 2503 376 2574 squalentes
395 2505 520 2561 humeris
539 2505 652 2560 habitus
670 2504 771 2559 reiecit
788 2504 892 2560 Vlixes.

168 2629 280 2696 Vlixes
299 2633 371 2697 loco
390 2634 542 2698 ulteriore
558 2637 653 2716 capto
667 2629 807 2695 intendit
825 2652 935 2695 arcum
950 2631 1113 2697 omnibus·

102 2742 163 2804 que
187 2720 310 2785 foribus
335 2721 487 2801 occlusis,
511 2743 552 2785 ne
570 2742 635 2805 qua
653 2723 780 2804 pateret
803 2720 971 2805 effugium,
993 2720 1114 2805 pleros·

102 2831 164 2893 que
188 2808 265 2873 uino
290 2810 415 2874 saucios
439 2814 498 2875 aut
519 2811 664 2877 nouitate
692 2808 739 2873 rei
767 2808 915 2893 stupidos
944 2813 1001 2873 aut
1023 2810 1149 2894 quid-t

102 2897 185 2962 libet
208 2897 296 2962 aliud
319 2899 512 2964 meditantes
532 2898 670 2963 conficit.
708 2918 779 2962 cum
802 2898 943 2981 primum
968 2899 1114 2964 omnium

100 2980 288 3051 confixisset
300 2984 491 3070 Antinoum,
510 2987 565 3071 qui
585 2986 719 3052 audacia
737 2992 771 3051 et
789 2987 972 3070 petulantia
988 2990 1114 3053 eeteros

100 3077 325 3159 superauerat,
357 3074 520 3140 Eumaeus
558 3080 590 3140 et
621 3074 834 3140 Telemachus
868 3079 901 3140 et
932 3074 1113 3142 Philoetius

100 3162 240 3247 sumptis
268 3166 302 3227 et
327 3163 393 3248 ipsi
420 3165 519 3228 armis
548 3165 679 3249 egregia
705 3165 740 3227 in
767 3167 993 3229 consternatos
1017 3162 1113 3229 caede

100 3255 301 3336 grassantur.
338 3251 468 3338 iamque
491 3253 643 3318 omnibus
666 3252 869 3336 interemptis
892 3250 1016 3316 duobus
1040 3255 1112 3317 ten-
1133 3265 1166 3317 ιο

98 3339 267 3406 tummodo
290 3341 448 3424 parcitur:
479 3340 613 3406 Phemio
637 3339 836 3423 citharoedo,
863 3339 919 3424 qui
942 3340 1113 3406 ministerii

170 3529 237 3585 XXI
257 3538 269 3585 1
286 3530 382 3604 φρεσὶ]
401 3544 465 3600 orec
479 3531 523 3596 ΡΙ
539 3527 676 3656 tzilleca
689 3531 717 3585 P
768 3535 784 3584 3
803 3528 924 3600 philotio
939 3529 968 3585 P
1018 3537 1036 3584 4
1050 3548 1114 3586 con·

97 3602 211 3657 fixnsP
263 3607 349 3672 tpro
368 3603 508 3674 tempore]
529 3603 587 3658 Pet
621 3604 725 3672 cotetae
779 3599 902 3670 9ipsius
918 3600 1017 3672 Pes‘per
1035 3602 1118 3657 iusP

136 3680 167 3729 11
188 3676 248 3727 tam
267 3672 342 3727 lecte
363 3672 490 3743 quletsis
510 3676 514 3740 Ι
536 3673 709 3728 thelamacus
732 3672 758 3725 P
830 3677 863 3726 13
881 3689 1003 3742 persona
1021 3672 1050 3727 P
1065 3676 1113 3743 (on

95 3745 250 3814 personata
257 3747 295 3814 ἲ),
314 3744 406 3813 prima
429 3744 556 3814 quzeros

170 3830 249 3886 XXII
275 3838 359 3887 lom.
378 3832 407 3887 P
476 3831 636 3888 lexclusis
655 3832 684 3887 P
753 3833 999 3888 econsternantes
1019 3831 1059 3885 Ρ·

96 3909 132 3958 10
151 3897 284 3974 g’sssntnr
302 3904 332 3957 P
397 3909 428 3957 11
448 3903 579 3974 phoemio
599 3903 732 3974 cythardo
754 3903 782 3957 P

896 3991 951 4045 26*
