2430 4274
358 17 1188 295 ffi-

518 521 737 587 ..gg-

120 679 297 746 Mutandos
321 702 448 765 semper
471 681 689 765 grauioribus.
724 681 797 764 ipsa
821 685 969 747 senectus
1104 698 1137 748 15

120 769 304 852 Expectata
328 768 383 834 diu
404 771 555 853 uotisque
580 773 694 852 optata
715 769 869 853 malignis

121 855 231 922 Obicit
252 858 431 922 innumeris
455 879 572 942 corpus
595 858 769 923 lacerabile
792 857 923 923 morbis.

121 943 313 1030 Spernimus
336 945 370 1011 in
394 967 563 1011 commune
586 967 698 1012 omnes
721 946 919 1032 praescntia3
942 946 1102 1031 quosdam

121 1031 261 1100 Constat
283 1035 371 1099 nolle
394 1033 472 1100 deos
495 1035 574 1099 fieri.
611 1033 746 1099 Iuturna
769 1034 937 1099 reclamat:

121 1121 209 1199 ‘Quo
229 1123 332 1189 uitam
351 1122 439 1188 dedit
458 1122 646 1187 aeternam?
666 1145 722 1187 cur
736 1123 852 1189 mortis
867 1123 1019 1207 adempta
1033 1129 1084 1191 est
1103 1141 1137 1190 20

121 1209 317 1277 Condicio?'
355 1211 401 1276 sic
426 1208 591 1276 Caucasea
614 1211 674 1276 sub
698 1233 779 1296 rupe
802 1211 1017 1277 Prometheus

121 1298 277 1365 Testatur
300 1298 550 1385 Saturnigenam
574 1321 633 1365 nec
656 1301 787 1365 nomine
810 1303 917 1365 cessat

120 1387 272 1453 Incusare
296 1387 422 1472 Iouem,
447 1388 526 1453 data
548 1389 592 1452 sit
615 1387 701 1474 quod
725 1388 795 1453 uita
816 1388 976 1472 perennis.

119 1475 260 1560 Respice
283 1480 317 1540 et
339 1475 381 1540 ad
404 1477 510 1541 cultus
534 1477 645 1541 animi.
687 1477 733 1541 sic
756 1498 871 1560 nempe
894 1476 1048 1561 pudicum

120 1563 267 1629 Perdidit
289 1562 507 1649 Hippolytum
529 1587 594 1630 non
617 1564 696 1630 felix
719 1586 795 1630 cura
818 1565 959 1648 pudoris.
1102 1582 1135 1632 2⁶

119 1651 150 1718 Ε
175 1657 289 1718 contra
312 1653 482 1718 inlecebris
505 1653 704 1719 maculosam
728 1653 845 1740 degere
868 1655 972 1719 uitam

121 1740 225 1818 Quem
248 1742 355 1826 iuuat,
378 1742 538 1826 adspiciat
560 1764 680 1826 poenas
704 1745 738 1806 et
761 1742 896 1807 crimina
918 1762 1048 1828 regum,

120 1828 240 1896 Tereos
264 1831 380 1896 incesti
403 1832 454 1895 uel
479 1831 586 1897 mollis
610 1829 847 1916 Sardanapalli.

119 1916 295 1983 Perfidiam
318 1919 422 1983 uitare
444 1923 578 1985 monent
599 1921 663 1984 tria
685 1919 809 1984 Punica
832 1919 929 2005 bella3

121 2003 179 2070 Set
201 2006 355 2090 prohibet
377 2028 507 2071 seruare
530 2006 627 2072 fidem
651 2008 757 2072 deleta
779 2006 952 2093 Saguntos.
1101 2025 1135 2074 30

119 2092 206 2159 Viue
230 2098 262 2158 et
285 2095 443 2159 amicitias
467 2116 595 2179 semper
618 2097 696 2161 cole.
714 2133 751 2143 —
779 2093 909 2161 Crimen
933 2095 975 2161 ob
998 2096 1088 2161 istud

119 2181 401 2268 Pythagoreorum
424 2183 524 2267 periit
546 2183 657 2249 schola
680 2185 776 2249 docta
799 2184 986 2269 sophorum.
1006 2221 1043 2231 -

121 2270 193 2337 Hoc
216 2276 364 2337 metuens
387 2272 487 2356 igitur
509 2272 615 2338 nullas
639 2270 774 2338 cola'-
801 2270 932 2338 Crimen
955 2274 997 2338 ob
1020 2273 1108 2339 istud

120 2359 241 2426 Timon
264 2359 418 2425 Palladiis
443 2360 521 2426 olim
543 2360 707 2445 lapidatus
730 2360 877 2426 Athenis.

120 2448 266 2515 Dissidet
290 2449 452 2534 ambiguis
476 2470 602 2534 semper
625 2472 716 2515 mens
739 2450 838 2514 obuia
861 2450 960 2532 uotis,
1102 2467 1136 2516 sa

119 2535 190 2604 Nec
212 2539 355 2603 uoluisse
377 2536 503 2604 homini
527 2538 607 2602 satis
631 2542 694 2604 est:
718 2541 832 2622 optata
854 2541 991 2603 recusat.

120 2625 205 2692 Esse
228 2627 262 2691 in
285 2626 408 2692 honore
431 2627 552 2711 placet,
575 2649 651 2692 mox
673 2627 821 2711 paenitet
843 2631 876 2692 et
900 2626 1061 2692 dominari

120 2713 168 2780 Vt
191 2715 332 2798 possint,
356 2716 477 2781 seruire
501 2715 626 2780 uolunt.
661 2714 748 2780 idem
771 2719 884 2780 auctus
907 2713 1032 2780 honore

194 2841 226 2889 19
246 2835 352 2904 Vergil.
370 2837 394 2889 A
414 2835 467 2889 Xll
486 2841 537 2890 879
553 2852 593 2904 sq.

193 2946 227 2994 16
245 2940 406 2996 multandos
429 2941 456 2994 V
508 2948 540 2996 16
559 2943 630 2997 dcccl
648 2941 693 3013 ΡΙ
714 2942 813 2997 obtata
836 2941 863 2996 V
915 2947 1090 2997 18-2aom.
1111 2943 1138 2997 V

122 3015 155 3065 18
176 3011 296 3080 spernib3
318 3011 346 3064 P
416 3017 450 3066 21
470 3011 610 3068 condictio
631 3012 660 3066 P
729 3018 763 3067 23
782 3011 972 3068 incensareP
1040 3011 1136 3067 rbi·

119 3082 241 3152 politum
260 3081 287 3136 V
302 3082 463 3152 hypolitum
477 3083 523 3152 ΡΙ
539 3101 594 3139 non
612 3083 693 3154 felix]
713 3082 810 3138 infelix
823 3084 852 3137 P
903 3088 937 3138 26
956 3082 979 3136 Ε
999 3085 1098 3139 contra

121 3152 161 3207 At
180 3154 277 3207 contra
297 3152 343 3218 ΡΙ
359 3151 499 3208 illecebris
520 3154 548 3208 P
562 3155 567 3224 Ι
583 3153 679 3226 digere
700 3154 729 3208 P
798 3159 831 3208 2⁷
852 3154 972 3224 aspiciat
994 3155 1022 3209 V
1040 3156 1136 3224 aspice

121 3225 152 3277 et
169 3223 206 3277 ad
224 3224 270 3293 ΡΙ
285 3240 372 3293 penas
391 3224 450 3279 VP
464 3229 468 3289 Ι
483 3225 594 3295 regum]
614 3244 661 3279 um
681 3226 732 3279 litt.
751 3226 870 3280 incertae
888 3224 915 3279 V
970 3230 1004 3281 28
1023 3225 1136 3281 thereos

121 3294 205 3363 (hac
223 3311 253 3348 er
270 3296 365 3350 meam
382 3296 463 3362 corr.)
487 3294 514 3349 V
529 3296 607 3350 terso
628 3297 674 3364 ΡΙ
697 3295 807 3366 inolesti
825 3297 854 3364 (a
872 3295 980 3364 crusoV)
1005 3296 1032 3351 V
1100 3301 1136 3351 29

120 3401 239 3455 monent
256 3400 313 3454 tria
347 3402 399 3456 litt.
417 3367 479 3472 tt¹is⁸
497 3402 532 3456 al.
548 3419 582 3457 m.
603 3401 630 3456 V
644 3400 789 3457 monentia
806 3407 838 3456 at
855 3402 914 3456 aid.
929 3402 964 3456 V¹
987 3404 991 3469 Ι
1016 3401 1094 3457 uella
1113 3401 1140 3457 V

158 3476 193 3525 30
212 3471 267 3542 set]
331 3472 467 3541 lproibet
486 3474 510 3539 (r
527 3489 561 3527 aa
579 3477 659 3542 corr.)
684 3473 728 3541 Vl
744 3471 855 3527 sarbara
879 3472 923 3538 Vl
940 3472 1090 3543 saginthos
1112 3472 1141 3527 V

123 3543 276 3612 saguyntos
297 3542 325 3594 P
395 3543 516 3597 arniba
540 3544 593 3611 Vl
619 3544 754 3599 amititias
779 3542 832 3610 Vl
856 3543 928 3597 istut
951 3543 978 3598 V
1048 3550 1083 3599 82
1106 3548 1136 3607 >'(-

115 3614 208 3737 lert
224 3612 271 3735 b*
287 3611 799 3756 Pilahldldlltlzt‘lll
811 3613 1139 3753 lllltlpllllnll

121 3756 151 3822 (n
169 3769 221 3808 rec.
239 3755 285 3811 sal
311 3753 362 3825 Vl
388 3757 447 3810 stut
470 3755 497 3810 V
566 3763 602 3810 34
618 3756 743 3827 pallidiis
767 3702 818 3810 Vgl
861 3762 897 3811 86
917 3725 983 3812 dbia
1006 3755 1034 3810 V
1103 3762 1140 3811 36

122 3823 222 3878 obtata
244 3824 303 3878 VP
322 3827 327 3893 Ι
346 3829 478 3881 recusant
498 3827 536 3880 P·
608 3833 643 3883 87
661 3844 745 3882 onore
769 3826 813 3890 Vl
833 3827 943 3896 penitet
963 3825 1045 3897 VPl
1065 3829 1096 3884 et
1112 3826 1143 3883 P

122 3901 154 3948 av
178 3894 205 3948 V
221 3911 255 3950 ac
273 3895 389 3952 Schenkl
460 3903 494 3953 88
512 3899 602 3968 possit
620 3929 653 3939 -
673 3899 752 3953 uolet
772 3897 832 3953 Tou
