2430 4274
487 509 707 574 ,57-

224 666 273 734 Tu
296 688 390 733 meas
412 688 540 752 semper
562 668 669 734 socius
692 668 857 751 iuuentae,

224 755 379 822 Pluribus
405 755 554 840 quamuis
578 756 760 821 cumulatus
784 758 892 841 annis,

224 844 321 912 Nune
344 865 473 930 quoque
495 845 530 908 in
553 845 677 910 nostris
699 846 822 911 recales
845 847 1004 932 medullis,
1072 863 1105 914 15

393 931 517 998 Blande
540 932 672 999 Leontii

225 1048 271 1115 Et
292 1048 386 1113 iuuat
408 1047 497 1112 tristi
520 1048 683 1114 celebrare
707 1069 784 1112 cura

223 1136 382 1202 Flebilem
405 1142 537 1202 cantum
561 1137 715 1203 memoris
739 1137 915 1221 querellae:

223 1226 343 1292 Munus
365 1225 398 1291 in
441 1229 532 1290 atum
554 1225 616 1290 tibi
639 1225 855 1310 debitumque

421 1314 546 1378 armine
567 1318 690 1380 nostro·
1071 1331 1106 1382 20

55 1504 88 1557 ,ῃ
144 1480 223 1537 VIIL
254 1477 508 1534 GRAMMATICIS
527 1477 683 1533 GRAECIS
701 1477 1054 1537 BVRDIGALENSIBVS.

225 1587 403 1654 Romulum
425 1592 502 1672 post
524 1587 585 1654 hcs
608 1589 698 1673 prius
722 1609 764 1652 an
787 1585 952 1671 Corinthi,

226 1678 322 1742 Anne
346 1674 500 1760 Sperchei
522 1677 707 1761 pariterque
730 1675 799 1740 nati

227 1766 354 1831 Atticas
378 1786 487 1830 musas
511 1785 688 1830 memorem
710 1763 891 1829 Menesthei

396 1852 714 1919 Grammaticorum?

227 1967 382 2034 Sedulum
406 1969 530 2034 cunctis
553 1967 696 2032 studium
719 1966 867 2051 docendi,
1089 1984 1105 2032 5

229 2056 366 2122 Fructus
390 2056 483 2121 exilis
506 2056 676 2142 tenuisque
700 2078 820 2121 sermo:

230 2144 295 2229 set,
319 2146 395 2231 quia
416 2149 531 2211 nostro
555 2145 689 2210 docuere
712 2144 747 2210 in
770 2167 864 2229 aeuo,

398 2231 687 2300 Commemorandi.

228 2348 357 2414 Tertius
380 2349 498 2414 horum
520 2348 602 2413 mihi
624 2369 690 2415 non
713 2349 882 2433 magister,

228 2436 336 2503 Ceteri
358 2436 472 2522 primia
495 2437 631 2502 docuere
654 2436 689 2499 in
712 2437 819 2520 annis,
1074 2454 1106 2502 10

229 2524 279 2591 Ne
302 2524 406 2591 forem
430 2546 546 2591 uocum
569 2525 658 2590 rudis
682 2534 738 2588 aut
761 2524 914 2609 loquendi

398 2611 541 2679 Siccine
566 2613 667 2678 cultu:

230 2727 368 2794 Obstitit
389 2732 521 2794 nostrae
546 2728 635 2813 quia,
659 2727 768 2810 credo,
791 2727 909 2793 mentis

229 2816 367 2883 Tardicr
389 2838 503 2882 sensus
526 2838 630 2902 neque
653 2815 832 2900 disciplinis

231 2906 367 2991 Adpulit
391 2903 525 2971 Graecis
548 2907 679 2989 puerilis
705 2905 777 2970 aeui

398 2992 524 3059 Nouius
549 3015 648 3060 error.

229 3107 299 3174 Vos
322 3108 405 3173 leuis
429 3129 560 3192 caespes
583 3113 675 3196 tegat
697 3112 730 3173 et
752 3109 892 3192 sepulcri

230 3198 332 3263 Tecta
357 3196 533 3262 defendant
555 3198 679 3264 cineres
703 3202 835 3282 opertos

231 3287 280 3352 Ac
302 3308 393 3352 meae
416 3285 507 3352 nocis
529 3287 647 3353 titulus
671 3307 857 3370 supremum

398 3374 527 3440 Reddat
547 3375 713 3441 honorem.
1076 3390 1111 3440 20

169 3502 202 3550 13
222 3511 302 3550 mace
327 3494 370 3564 Vl
386 3495 500 3550 iubente
524 3495 551 3548 V
623 3503 656 3551 14
676 3494 824 3551 cumulatis
849 3495 876 3548 V
891 3511 959 3552 corr.
980 3495 1112 3568 [κράνη.

131 3573 167 3622 16
185 3572 212 3622 et
231 3571 264 3620 17
283 3583 340 3622 aaa
357 3568 390 3620 iss
407 3582 490 3622 aerea
513 3566 539 3619 V
618 3573 650 3622 17
668 3567 750 3623 iubat
773 3567 799 3620 V
878 3571 912 3621 18
930 3566 1052 3621 deuilem
1076 3566 1135 3622 1⁷¹.

132 3644 167 3693 19
187 3637 315 3692 deuitum
337 3636 373 3691 V¹
389 3639 394 3706 Ι
409 3653 481 3706 quae
506 3637 533 3690 V

166 3707 234 3762 VIII
248 3725 406 3763 enumera
421 3726 515 3763 anuas
528 3727 773 3764 avanreamasrsvs
784 3709 811 3762 V
820 3709 823 3780 Ι
833 3710 922 3764 metro
938 3707 1034 3763 saffica
1042 3708 1079 3764 al.
1089 3706 1116 3762 V

94 3777 220 3836 taxillis
236 3778 273 3832 V¹
325 3785 357 3835 12
375 3779 417 3835 sic
431 3780 532 3848 Peiper
546 3784 590 3833 set
604 3779 630 3832 V
679 3786 829 3851 14nequee
843 3779 869 3831 V
917 3784 950 3832 16
963 3778 1075 3849 appulit
1089 3777 1116 3831 V

96 3852 100 3922 Ι
120 3849 258 3921 puaerilis
282 3849 318 3904 V¹
392 3855 424 3904 17
444 3849 587 3920 sepulchri
611 3850 636 3903 V
707 3857 739 3906 19
761 3855 791 3906 at
811 3851 872 3906 Tell
888 3852 892 3919 l
908 3865 1068 3919 supremum
1090 3846 1117 3900 V
