2430 4274
472 186 686 246 *5³3-

19 448 78 500 [1941
218 428 279 483 llll.
306 426 438 483 ATTIVS
456 427 603 482 PATERA
623 426 769 499 [PATER]
787 424 945 481 RHETOR.

117 556 238 621 Aetate
262 576 459 640 quamquam
482 554 598 619 uiceris
623 553 727 619 dictos
750 553 852 638 prius,

163 644 297 726 Patera,
320 643 410 708 fandi
432 642 567 708 nobilis:

117 733 256 816 Tamen,
279 731 364 817 quod
388 752 468 796 aeuo
491 730 632 796 floruisti
654 729 801 814 proximo

161 821 356 906 iuuenisque
379 824 412 885 te
436 820 503 884 uidi
526 841 650 902 senem,

118 909 252 976 Honore
276 912 420 974 maestae
442 930 510 973 non
533 908 658 972 carebis
681 907 812 991 neniae,

162 998 287 1063 Doctor
308 1000 478 1081 potentum
501 996 676 1060 rhetorum.

118 1086 169 1151 Tu
191 1084 360 1151 Baiocassi
384 1085 484 1169 stirpe
507 1083 704 1149 Druidarum
728 1088 830 1168 satus,

164 1172 199 1240 Si
221 1175 309 1239 fama
331 1195 399 1239 non
422 1174 508 1239 fallit
530 1173 641 1256 fidem,

118 1262 233 1328 Beleni
255 1266 416 1328 sacratum
440 1261 531 1326 ducis
555 1283 572 1325 e
595 1261 719 1346 templo
742 1280 857 1346 genus,

163 1352 210 1416 Et
231 1351 306 1416 inde
329 1351 424 1416 uobis
448 1351 595 1416 nomina:
1056 1366 1088 1414 10

119 1440 194 1506 Tibi
217 1439 367 1505 Paterae:
391 1441 438 1504 sic
460 1439 628 1505 ministros
651 1443 840 1523 nuncupant

163 1528 371 1613 Apollinares
394 1528 533 1612 mystici.

118 1616 228 1682 Fratri
250 1618 401 1701 patrique
424 1638 544 1682 nomen
568 1639 588 1682 a
610 1614 744 1680 Phoebo
768 1613 879 1680 datum

162 1704 315 1788 Natoque
338 1705 377 1769 de
400 1704 537 1788 Delphis
560 1709 628 1770 tuo.

118 1792 278 1858 Doctrina
300 1792 383 1857 nulli
405 1795 498 1858 tanta
520 1792 556 1856 in
578 1793 637 1857 illo
660 1795 807 1877 temporo
1057 1807 1089 1856 15

164 1879 351 1964 Cornuaque
374 1884 425 1946 tot
446 1880 539 1945 fandi
561 1883 594 1945 et
616 1883 724 1945 rotae:

118 1968 257 2052 Memor,
281 1968 435 2054 disertus,
457 1969 564 2034 lucida
585 1969 752 2052 facundia,

164 2056 303 2142 Oanore,
327 2058 417 2123 cultu
438 2057 619 2141 praeditus,

120 2145 250 2213 Salibus
274 2147 440 2212 modestus
463 2146 539 2211 felle
563 2146 655 2213 uullo
679 2145 821 2230 perlitis,

163 2234 243 2301 Vini
266 2236 394 2321 cibique
418 2234 611 2319 abstemius,
1056 2249 1091 2298 20

119 2323 255 2403 Laetus,
277 2324 425 2410 pudicus,
446 2324 593 2409 pulcher,
615 2323 651 2387 in
675 2323 765 2389 senio
788 2345 915 2408 quoque

163 2412 302 2494 Aquilae
328 2417 366 2478 ut
389 2416 536 2479 senectus
562 2415 619 2477 aut
641 2412 723 2497 equi

124 2617 200 2701 '1111
227 2637 311 2699 rinna
339 2618 435 2699 Vdel.
464 2618 607 2705 Vinctus]
631 2640 736 2676 amnon
762 2620 825 2745 Vx]
851 2621 941 2676 metro
968 2619 1091 2676 iambico

75 2706 166 2745 maror
187 2705 298 2745 senario
321 2705 412 2744 mmor
435 2694 613 2758 quaternario
632 2693 667 2746 al.
687 2707 773 2762 marc.
913 2696 928 2744 1
947 2690 1046 2747 doctos
1068 2689 1096 2746 V

75 2776 145 2817 corr.
170 2760 285 2816 Vinetua
357 2764 512 2816 omaeate:
531 2778 548 2818 a
565 2763 630 2818 odd.
648 2763 686 2818 ul.
710 2764 737 2818 V
806 2760 984 2818 orhetornm
1007 2761 1035 2816 V

77 2854 92 2902 '1
111 2847 260 2919 bagocaasi
283 2848 395 2904 Vcorr.
417 2849 548 2906 Pithoeus
566 2849 722 2906 Baiocassia
743 2850 857 2906 Vinctus
928 2858 945 2907 8
963 2835 1039 2906 fami
1066 2847 1093 2900 V

113 2923 145 2972 11
172 2918 212 2974 sic
230 2919 362 2991 Lceydun.
392 2919 416 2974 si
443 2919 470 2973 V
539 2925 571 2975 12
600 2920 765 2991 apollinario
787 2920 814 2976 V
837 2937 905 2978 corr.
930 2918 1090 2990 Hanunea!

75 2988 224 3045 misticiV
311 2997 344 3046 13
367 2990 434 3045 fatri
457 2991 484 3045 V
499 3007 568 3047 corr.
588 2992 719 3064 Ltoqduu
804 2999 837 3047 14
855 3009 927 3060 qnae
952 2991 979 3047 V
1057 2996 1092 3046 16

76 3129 229 3183 curansque
252 3113 364 3170 rotandi
388 3117 419 3169 et
436 3116 500 3170 rota
521 3115 548 3171 V
563 3132 632 3171 corr.
652 3115 775 3187 Scaliqer
792 3121 854 3184 1,9
929 3121 961 3170 17
981 3075 1094 3172 disertio
1133 3118 1138 3124 ’

76 3202 105 3270 (v
123 3200 171 3271 ol.)
197 3201 224 3255 V
312 3208 345 3257 18
365 3219 460 3283 carere
485 3204 512 3258 V
531 3220 601 3260 corr.
620 3204 826 3274 Scoliqer1,9
850 3205 856 3273 Ι
879 3189 960 3259 culti
981 3203 1093 3261 Vcorr.

16 3346 25 3361 ο
75 3271 208 3343 Lucam.
271 3278 303 3327 19
323 3272 422 3355 ΙεῐιΙιῖ)“·
439 3275 484 3343 (na
503 3277 557 3401 aig
574 3274 601 3330 V
664 3281 698 3330 21
718 3289 829 3344 qnoque
847 3276 880 3329 ut
898 3277 941 3340 (ut
957 3275 997 3331 ol.
1014 3277 1091 3344 aaa.)

82 3340 110 3396 V
179 3349 213 3398 22
230 3342 359 3413 lfloqurla
379 3346 422 3413 (ut
440 3361 517 3414 erue,
575 3347 612 3401 al.
632 3362 666 3401 ex
684 3348 712 3417 a)
738 3345 848 3402 Veorr.
867 3346 1019 3403 LMueller.
