2430 4274
535 539 778 606 -384-

614 764 701 823 Vllll.

292 873 334 938 Ὡς
353 870 382 929 οἱ
399 870 451 944 μὲν
472 875 568 943 Τρῶες
587 869 717 941 φυλακὰς
736 870 814 941 ἔχον·
834 868 926 942 αὐτὰρ
943 870 1071 945 Ἀχαιούς

292 948 402 1001 Interea
420 943 540 1015 uigilum
559 943 682 999 excubiis
703 944 870 999 cohibentur
887 943 999 1001 Achiui.

216 1070 347 1138 Graecis
376 1077 408 1137 et
436 1072 613 1156 praeterita
641 1070 851 1136 dimicatione
878 1072 1040 1155 perculsis
1063 1077 1099 1138 et
1119 1074 1161 1138 in·

150 1165 258 1225 stante
268 1160 453 1226 conterritis
463 1181 613 1244 proceres
625 1160 667 1224 ab
679 1158 925 1245 Agamemnone
935 1166 1161 1228 ccnuooantur.

150 1250 266 1334 quibus
299 1270 356 1314 rex
386 1248 485 1333 fugae
517 1249 654 1313 consilia
681 1252 716 1312 et
745 1252 938 1334 apparatum
967 1248 1189 1315 ordinandaee

148 1341 362 1421 pernoctem
391 1337 612 1420 nauigationis
640 1336 756 1401 indicit
783 1335 940 1403 Diomede
968 1341 1002 1402 et
1025 1337 1163 1404 Nestore

149 1425 406 1490 dehortantibus.
445 1424 602 1490 suadente
622 1427 731 1489 autem
745 1423 885 1490 Nestore
898 1424 986 1490 Aiax
1004 1431 1041 1492 et
1054 1426 1163 1492 Vlixes

149 1513 300 1598 legantur
323 1513 364 1578 ad
379 1513 539 1578 Achillem
563 1513 648 1578 dona
672 1514 818 1598 ingentia
840 1515 1045 1597 pollicentes,
1070 1515 1098 1581 ei
1116 1515 1164 1580 de

149 1601 246 1666 eistat
258 1602 354 1667 irasci
367 1625 464 1687 seque
479 1602 705 1667 auxiliatorem
719 1601 815 1666 fessis
825 1603 921 1668 rebus
931 1603 1164 1671 adcommodet

93 1720 105 1739 ·
150 1689 206 1754 sed
223 1689 353 1755 Achille
373 1692 407 1756 in
425 1690 592 1757 iracundia
609 1691 818 1774 pertinaciter
834 1696 1048 1775 permanente
1068 1693 1163 1779 legati
1179 1709 1204 1757 10

148 1778 350 1845 Achiuorum
372 1802 407 1845 re
430 1802 496 1844 non
518 1781 693 1862 impetrata
715 1779 801 1844 irriti
824 1783 1045 1846 reuertuntur.

635 1971 668 2024 X.

248 2070 335 2129 ’Ἄλλοι
354 2073 407 2144 μὲν
424 2072 502 2145 παρὰ
521 2076 622 2145 νηυσὶν
641 2072 772 2146 ἀριστῆες
790 2077 989 2146 Πα(νοιχαιῶν)

255 2136 341 2200 εὗδον
361 2143 513 2215 παννύχιοι
532 2148 648 2221 μαλακῷ
668 2145 839 2217 δεδμημένοι
857 2141 938 2220 ὕπνῳ

258 2233 359 2290 Cetera
396 2251 427 2289 er
445 2251 532 2289 naues
551 2252 648 2290 somno
666 2235 759 2306 sopita
777 2235 912 2290 manebat

254 2305 348 2360 Turba
386 2322 483 2373 ucum;
503 2307 592 2360 solum
611 2323 678 2361 cura
696 2307 780 2362 anxia
798 2311 883 2362 uexat
901 2307 1040 2368 Attidem.

213 2430 328 2496 Vlixes
366 2435 399 2496 et
431 2431 603 2496 Diomedes
637 2434 837 2517 speculatum
870 2438 967 2498 nocte
999 2435 1186 2521 progressis

148 2519 309 2585 Dolonem
333 2520 571 2605 conspicantur,
594 2521 647 2602 qui
670 2526 704 2586 et
727 2523 797 2605 ipse
820 2523 991 2604 promissis
1011 2522 1160 2590 Hectoris

148 2609 301 2674 incitatus
322 2607 518 2674 Graecorum
542 2609 678 2674 consilia
702 2612 906 2694 exploratum
929 2611 1110 2694 prodierat,
1130 2616 1160 2676 et

147 2697 242 2761 fateri
280 2698 432 2763 uniuersa
465 2698 668 2781 compulsum
702 2699 814 2763 eodem
847 2700 919 2765 loco
953 2701 1158 2767 interficiunt

148 2808 167 2849 a
195 2807 259 2868 quo
288 2785 462 2850 aduentum
489 2786 591 2851 Rhesi
614 2786 777 2851 Thracum
805 2787 891 2872 regis
920 2788 1028 2853 edocti
1057 2790 1158 2875 ipsum

148 2894 220 2936 cum
245 2872 410 2938 duodecim
435 2875 633 2940 obtruncant
650 2897 813 2959 equosque
832 2877 900 2939 eius
919 2879 1102 2959 praemium
1121 2877 1158 2940 si·
1173 2887 1197 2936 ro

147 2961 214 3023 mul
250 2962 282 3024 et
314 2962 538 3027 testimonium
572 2964 786 3047 grassationis
820 2964 987 3029 abducunt
1018 2967 1157 3052 insignes

147 3047 283 3112 candore
303 3052 336 3112 et
355 3050 528 3135 celeritate,
551 3055 589 3115 ut
606 3052 737 3117 niuibus
756 3057 790 3117 et
803 3053 910 3117 uentis
925 3055 1157 3119 antecederent

219 3276 294 3360 vll-11·
311 3285 323 3332 1
340 3274 620 3402 poluudcj‘crsanac
630 3280 658 3333 P
691 3277 852 3348 tuigilium
862 3279 895 3360 P·
923 3285 940 3332 4
956 3278 1158 3364 agamenoneP

146 3350 315 3403 beonecilra
329 3349 358 3402 P
429 3355 444 3402 ‘1
484 3351 656 3403 cortentibus
676 3351 722 3418 Pl
739 3353 850 3405 nectare
869 3366 928 3404 aias
948 3354 979 3404 et
997 3352 1084 3406 ulma
1102 3352 1128 3406 P

144 3417 405 3543 deiidffiffizii
424 3420 453 3473 P
521 3426 537 3474 9
557 3436 639 3487 seque
659 3421 758 3490 Pec‘per
781 3437 841 3475 sese
860 3421 888 3474 P
910 3423 939 3475 et
958 3438 990 3477 ee
1011 3422 1153 3494 Vyoletus!

216 3576 241 3629 X
267 3582 281 3629 l
301 3595 401 3632 arrtrn
420 3597 448 3633 sc
468 3598 513 3634 crs
532 3580 670 3650 [ναχαιων
689 3582 753 3652 om]
772 3580 799 3634 P
851 3586 868 3635 4
886 3584 993 3636 uexata
1011 3581 1087 3639 rrius
1101 3581 1127 3635 P

145 3651 161 3700 5
180 3646 263 3700 ulixis
283 3649 312 3702 P
362 3655 377 3703 9
396 3650 520 3705 aduentu
541 3650 576 3716 P,
595 3667 664 3706 corr.
682 3653 848 3716 Mommsen,
866 3651 902 3705 de
921 3652 1049 3708 aduentu
1064 3655 1153 3708 Aaou·

144 3719 200 3772 tius
216 3720 220 3786 Ι
236 3719 292 3774 resi
307 3719 335 3773 P
349 3725 353 3786 f
369 3723 497 3776 traohum
514 3722 560 3789 ΡΙ
576 3721 667 3791 ipsum
683 3721 750 3776 XII.
767 3722 795 3775 P
811 3738 875 3776 cum
894 3723 1155 3779 addideram

145 3789 221 3855 leber,
241 3790 351 3844 etcum
370 3807 404 3846 eo
423 3793 486 3847 add.
503 3792 632 3863 qulctae
685 3797 719 3846 10
738 3791 804 3874 que]
822 3792 841 3862 ᾷ
858 3792 885 3846 Ρ
907 3793 997 3848 etiam
1010 3795 1154 3850 decursio·

146 3876 199 3915 ecus
273 3863 405 3917 restet
428 3862 555 3932 Vpobsus
578 3865 584 3932 Ι
608 3863 712 3934 uentis]
733 3867 812 3918 uenit
830 3864 859 3917 P
