2430 4274
445 552 664 617 -13..

261 710 419 777 Torrente
442 711 554 797 lingua
577 717 758 796 perstrepo:
823 748 827 753 -

260 799 335 866 Tibi
357 822 416 865 nec
440 822 533 864 aures
558 801 742 885 ambigunt,

260 885 329 953 Nec
353 893 530 972 occupatur
553 889 675 975 pagina

260 976 306 1041 Et
329 980 418 1043 mota
440 999 536 1062 parce
560 979 692 1043 dextera

260 1065 362 1131 Volat
384 1088 442 1149 per
465 1088 585 1151 aequor
607 1088 744 1132 cereum.

261 1152 343 1219 Cum
367 1157 506 1220 maxime
528 1177 614 1221 nunc
638 1156 813 1241 proloquor

255 1241 554 1328 Circumloquentis
578 1245 718 1328 ambitu,

261 1330 311 1396 Tu
336 1354 431 1397 sensa
453 1334 558 1397 nostri
581 1333 722 1418 pectoris

260 1419 325 1485 Vix
349 1421 435 1486 dieta
458 1423 524 1486 iam
548 1424 629 1487 ceris
652 1426 752 1486 tenes.

262 1508 388 1574 Sentire
410 1514 480 1574 tam
504 1511 599 1575 uelox
622 1510 703 1574 mihi

260 1596 390 1663 Vellem
414 1599 554 1664 dedisset
577 1599 668 1664 mens
693 1619 778 1681 mea,

262 1686 368 1763 Quam
390 1689 554 1773 praepetis
578 1689 709 1753 dextrae
731 1686 812 1773 fuga

263 1774 311 1840 Tu
335 1797 386 1839 me
410 1777 597 1860 loquentem
620 1777 800 1860 praeuenis.

263 1863 356 1949 Quis,
379 1887 513 1949 quaeso,
536 1865 609 1949 quis
633 1885 685 1929 me
709 1863 873 1948 prodidit?

263 1951 343 2028 Quis
366 1953 431 2018 ista
454 1955 521 2019 iam
545 1953 629 2018 dixit
650 1953 727 2036 tibi,

263 2041 352 2118 Quae
376 2043 563 2127 cogitabam
587 2041 714 2107 dicere?

264 2130 352 2206 Quae
376 2131 473 2217 furta
487 2132 582 2197 corde
605 2131 640 2195 in
663 2131 779 2196 intimo

263 2219 403 2285 Exercet
426 2221 494 2285 ates
518 2221 673 2286 dextera?

263 2307 341 2384 Quis
367 2309 446 2373 ordo
470 2331 577 2374 rerum
601 2314 669 2374 tam
692 2330 811 2391 nouus,

263 2395 385 2461 Veniat
408 2398 442 2461 in
466 2419 559 2462 aures
583 2402 620 2462 ut
642 2402 730 2481 tuus,

263 2484 356 2560 Quod
380 2486 496 2572 lingua
518 2488 659 2551 nondum
685 2484 886 2549 absoluerit?
1028 2501 1065 2542 18⁵

264 2573 424 2639 Doctrina
447 2597 512 2640 non
535 2575 598 2640 hoc
621 2574 785 2659 praestitit
1032 2589 1065 2637 3ο

263 2660 333 2728 Neo
357 2663 425 2727 ulla
447 2667 517 2728 tam
540 2666 635 2728 uelox
660 2684 773 2727 manus

264 2749 463 2836 Celeripedis
488 2752 683 2836 compendii:

264 2838 392 2904 Natura
416 2863 532 2905 munus
555 2841 616 2906 hoc
639 2841 700 2905 tibi

264 2927 414 3013 Deusque
438 2929 558 2994 donum
581 2929 726 3012 tradidit,
1029 2947 1068 2986 1⁹0

265 3016 352 3093 Quae
375 3018 538 3103 loquerer,
561 3022 598 3082 ut
621 3020 719 3083 scires
743 3018 834 3102 prius
1032 3034 1066 3082 35

264 3104 416 3191 Idemque
440 3108 554 3186 uelles,
579 3108 664 3191 quod
688 3107 772 3172 uolo.

121 3321 156 3369 10
173 3315 283 3384 tibique
304 3318 330 3370 Z
353 3334 407 3386 que
426 3333 476 3372 om.
495 3318 639 3372 Auentina
658 3321 731 3371 1496
804 3323 837 3370 12
856 3316 952 3388 parce]
992 3317 1068 3372 ter

49 3403 119 3456 pace
138 3385 165 3441 θ
239 3393 272 3441 16
290 3391 322 3442 tu
339 3390 426 3443 minio
443 3404 478 3442 aa.
500 3388 525 3440 Τ
598 3394 628 3442 17
648 3388 697 3442 uix
717 3388 742 3442 G
761 3388 804 3441 uia
825 3389 861 3442 M
878 3389 926 3442 uel
988 3390 1067 3456 liam

49 3457 133 3529 ceria]
152 3457 253 3513 iaceria
275 3458 301 3512 T
368 3466 402 3514 25
422 3460 451 3513 in
469 3459 565 3514 om.T
635 3465 669 3513 26
689 3475 785 3515 exerce
804 3460 875 3514 tales
895 3459 933 3544 Μ
955 3476 1066 3516 exerceo

49 3529 196 3655 {lesuin
215 3535 275 3656 G2'1
298 3530 550 3672 rppaprriprsdpciigs
570 3537 638 3657 63⁰
661 3531 716 3586 hoe
734 3531 761 3584 Z
787 3530 858 3587 haec
882 3530 996 3586 Venetus
