2430 4274
404 541 442 552 -
491 522 649 569 LXXXVIII
696 541 738 552 -

133 665 295 731 lodocus
328 664 541 730 Ascensius
575 665 610 728 in
642 665 826 731 adornanda
854 668 899 732 ed.
927 666 1082 733 Parisino

66 777 96 822 a.
115 758 194 821 1511
213 753 441 839 Hieronymi
459 752 648 819 Alcandri
666 754 797 840 egregia
816 776 915 839 opera
934 778 1012 821 usus
1030 760 1083 821 est

60 845 198 929 'eiusque
214 843 365 929 discipuli
377 842 580 908 Michaelis
591 841 895 929 Humelbergi(s.
907 843 1081 930 Homedei)

67 933 378 1018 Rauenspurgeusis.
412 936 508 1016 atque
528 931 689 996 Aleander
707 932 741 996 in
759 931 897 997 Mosella
912 932 1082 1018 Rosisque,

69 1022 154 1107 quod
173 1043 304 1086 carmen
322 1022 446 1106 primus
461 1019 650 1086 Ausoniauo
665 1022 793 1105 corpori
807 1021 930 1106 intulit,
950 1026 1083 1087 uetusto

68 1111 178 1177 codice
211 1107 338 1196 („quem
371 1114 496 1193 tamen,
526 1109 554 1174 si
588 1108 766 1193 scripturas
799 1109 833 1173 in
865 1110 1008 1176 carmine
1042 1111 1081 1175 de

68 1199 164 1265 Rosis
196 1199 389 1284 inspexeris,
421 1219 525 1281 neque
555 1198 603 1263 ita
631 1199 801 1282 antiquum
826 1220 931 1284 neque
959 1199 1081 1265 bonum

68 1288 170 1354 fuisse
197 1287 292 1353 facile
320 1286 522 1371 intelleges“,
549 1291 586 1350 ut
610 1287 656 1351 ait
679 1285 820 1352 Schenkl
842 1309 873 1371 p.
895 1286 1019 1374 XXXI)
1043 1310 1083 1353 ex

66 1377 266 1442 bibliotheca
277 1377 344 1441 diui
355 1375 497 1441 Victoris
513 1375 689 1440 Parisiensi
703 1398 798 1441 usum
813 1397 847 1439 se
861 1377 1035 1461 profitetur
1047 1376 1083 1441 in

67 1465 183 1530 scediis
202 1486 300 1549 supra
318 1488 348 1548 p.
363 1462 522 1528 XXVIIII
541 1465 801 1547 conmemoratis,
818 1467 909 1530 cuius
927 1465 1084 1530 lectiones

69 1555 103 1619 in
126 1553 263 1619 Mosella
285 1575 358 1618 cum
379 1550 552 1617 SGallensi
575 1552 659 1617 libro
683 1553 859 1618 concinunt
881 1550 962 1639 (qua
985 1555 1024 1618 de
1047 1575 1083 1618 re

67 1642 131 1708 uid.
143 1664 242 1726 supra
253 1665 283 1726 p.
295 1640 398 1728 LIII).
421 1645 562 1706 ceterum
572 1640 765 1706 Ausoniana
775 1647 927 1724 poemata
936 1643 1083 1727 priorum

71 1732 233 1797 editorum
253 1731 366 1795 ordine
385 1730 511 1795 abiecto
531 1730 671 1814 quinque
690 1729 889 1795 sectionibus
908 1731 1083 1815 discripsit

69 1822 211 1904 repetita
238 1823 289 1884 est
314 1820 395 1884 haec
419 1818 518 1884 editio
543 1818 831 1884 Parisieso.1513
854 1825 884 1884 et
900 1825 983 1885 1517
1004 1841 1084 1905 pau·

69 1910 115 1974 cis
143 1912 273 1973 tantum
301 1907 449 1989 mutatis,
478 1907 651 1992 eademque
678 1907 713 1971 ni
741 1907 839 1972 fallor
866 1912 997 1992 praesto
1019 1907 1086 1973 tuit

70 1996 267 2061 Richardo
283 1994 403 2061 Oroco
418 1994 539 2080 Anglo,
555 2017 626 2060 cum
640 1996 768 2079 [spatie
781 1996 962 2080 publicaret
976 1998 1084 2062 Auso·

72 2086 161 2149 nium
185 2106 214 2149 a.
237 2087 327 2150 1515.

136 2173 319 2238 Florentiae
355 2176 485 2256 sumptu
522 2171 699 2258 Philippi
735 2171 875 2238 qutae
911 2176 996 2238 1517
1032 2172 1084 2236 die

70 2259 132 2326 XX
150 2260 218 2326 Mai
236 2260 376 2325 Ausonii
399 2261 545 2325 carmina
568 2260 655 2326 edita
677 2262 751 2345 quis
770 2262 934 2327 curauerit
952 2261 1084 2346 quibus·

70 2372 132 2435 que
160 2349 291 2415 auxiliis
315 2350 459 2431 adiutus,
482 2371 549 2414 uon
572 2352 724 2433 comperi.
769 2371 842 2415 cum
865 2350 986 2416 Aldina
1010 2372 1085 2415 con·

71 2461 184 2504 sensus
202 2462 267 2504 non
286 2444 345 2522 est,
369 2439 396 2502 si
415 2437 588 2503 Mosellam
608 2439 781 2523 exceperis,
800 2439 840 2503 ad
862 2461 957 2524 quem
975 2459 1084 2503 emen·

70 2529 211 2595 dandum
239 2529 274 2592 in
300 2532 437 2613 unaque
464 2527 546 2592 idem
574 2528 674 2598 codex
702 2528 755 2592 uel
783 2528 926 2592 eiusdem
953 2527 1085 2612 codicis,

69 2619 126 2702 qui
144 2618 262 2683 similis
281 2621 352 2681 erat
369 2616 628 2701 Rhenaugiensis
644 2616 729 2699 libri,
748 2615 938 2702 apographa
951 2619 1085 2700 praesto

69 2706 171 2771 fuisse
200 2706 365 2786 uidentur,
392 2705 457 2769 nisi
485 2706 569 2770 forte
592 2705 755 2771 Auentius
783 2706 892 2788 ipsum
914 2704 1083 2769 Iuntinum

70 2794 237 2878 exemplar
260 2793 418 2872 adhibuit,
441 2814 524 2877 quae
547 2799 658 2859 tamen
676 2792 860 2859 Schenkelii
883 2792 994 2877 opinio
1017 2814 1085 2859 non

72 2884 191 2948 certior
213 2884 263 2945 est
286 2903 384 2965 quam
405 2888 527 2945 nostra.

136 2969 332 3034 Auentius
356 2969 442 3033 enim
466 2970 600 3033 tertium
624 2970 725 3035 edidit
746 2970 931 3035 Ausonium
953 2990 983 3034 a.
1002 2975 1086 3035 1517

70 3080 181 3123 mense
204 3055 386 3122 Nouembri
415 3057 549 3123 Varetiis
576 3059 610 3122 in
633 3060 766 3125 aedibus
790 3060 867 3124 Aldi
888 3065 918 3124 et
939 3059 1086 3125 Andreae

70 3148 166 3213 soceri
193 3149 320 3211 retento
349 3146 479 3231 quidem
507 3147 618 3212 ordine
646 3169 698 3230 eo,
726 3170 821 3232 quem
851 3147 921 3231 ipse
945 3170 972 3214 a.
999 3148 1085 3212 1507

72 3236 274 3317 instituerat,
306 3235 362 3300 sed
395 3235 435 3300 ad
468 3236 633 3320 exemplar
660 3243 771 3301 tamen
797 3259 863 3302 non
890 3258 999 3318 suum,
1029 3235 1085 3300 sed

71 3323 316 3410 Vgoletiauum,
339 3325 386 3389 ita
409 3328 446 3388 ut
465 3346 590 3389 errores
610 3325 809 3391 annis-1496
827 3329 862 3390 et
881 3325 965 3390 1507
987 3325 1085 3390 casti-

71 3412 142 3499 gati
169 3414 205 3477 in
228 3412 348 3476 Aldina
376 3414 469 3496 quasi
492 3414 735 3497 repullularent.
781 3415 875 3480 nouis
899 3419 1009 3478 tamen
1033 3434 1084 3478 6ο·

72 3502 196 3567 dicibus
211 3523 284 3565 eum
300 3524 394 3565 usum
409 3523 480 3566 esse
495 3524 533 3566 ex
543 3502 654 3566 multis
665 3503 858 3567 lectionibus
869 3502 1086 3588 cognoscitur,

73 3595 202 3655 etcum
226 3591 260 3654 in
282 3588 432 3672 Mosella,
459 3590 544 3675 quod
568 3612 697 3655 carmen
719 3592 852 3677 plenum
875 3590 1019 3675 exhibet,
1044 3590 1085 3655 ab

73 3677 209 3765 Vgoleti
232 3683 322 3743 textu
345 3679 492 3743 recedere
517 3702 590 3744 eum
613 3679 781 3744 uideamus
805 3701 865 3745 nee
887 3682 997 3744 tamen
1018 3700 1086 3744 am·

74 3769 173 3852 plecti
201 3766 438 3832 Ascensiauum
472 3769 647 3854 exemplar,
680 3769 770 3834 cuius
798 3790 930 3852 prorsus
958 3767 1086 3833 nullam

71 3857 222 3923 notitiam
247 3856 401 3921 habuisse
420 3857 556 3942 uidetur,
580 3857 723 3923 codicem
743 3858 841 3941 plane
859 3858 1025 3922 diuersum
1043 3855 1086 3922 ab
