2430 4274
475 562 512 572 -
562 543 660 591 CVIIII
708 563 745 572 -

190 679 282 750 primo
300 683 409 736 remeat
420 681 544 736 trieteris
559 682 596 737 ab
612 699 695 751 anuo,
716 682 892 751 Septembres
907 682 982 739 notis
996 684 1119 739 referens

190 753 333 807 natalibus
353 751 426 807 Idus.
461 758 494 807 15
514 753 642 822 deposito
660 770 748 823 prope
767 755 960 809 conclamatus
979 754 1008 809 in
1028 760 1118 823 aeuo).

93 845 164 910 388
190 843 220 908 d.
240 845 281 908 27
298 844 380 928 Aug.
404 843 646 910 Theodosius
664 843 842 910 Maximum
867 847 993 928 deuioit,
1016 846 1119 931 Aqui-

189 933 274 997 leiae
302 932 464 997 inclusum
491 932 649 1017 supplicio
678 934 768 999 dedit
795 943 885 1009 (Oros.
909 945 961 999 VII
980 950 1023 1011 35,
1043 951 1058 999 2
1078 963 1118 1013 sq.

190 1018 313 1089 Epitom.
324 1024 367 1087 48,
379 1024 404 1073 6.
420 1019 518 1073 Paoati
532 1035 632 1089 paneg.
643 1025 686 1074 46.
711 1018 815 1089 Sulpio.
826 1020 919 1076 Seuer.
934 1019 995 1074 uita
1004 1018 1120 1075 Martini

191 1095 236 1159 20,
251 1095 275 1146 9.
295 1088 362 1143 vrb.
378 1093 500 1159 bisqql.

191 1168 270 1248 poet
292 1163 427 1228 Maximi
451 1164 576 1228 obitum
595 1163 789 1228 Ausonius
813 1163 954 1246 publicis
978 1163 1119 1249 negotiis

191 1252 310 1337 positis
335 1253 459 1335 aliquot
481 1273 538 1335 per
560 1274 662 1316 annos
682 1252 750 1318 otio
769 1253 890 1316 litteris
909 1253 1017 1317 dicato
1036 1252 1119 1316 frue-

192 1342 292 1406 batur
310 1339 547 1425 Burdigalae
571 1345 628 1404 aut
650 1341 685 1405 in
707 1342 779 1425 ipsa
802 1342 880 1406 urbe
901 1342 1009 1406 autin
1027 1363 1119 1425 prae·

194 1429 256 1493 diie
280 1430 347 1493 suis
372 1433 429 1494 aut
451 1429 605 1512 amoenis,
629 1451 710 1514 quae
733 1451 832 1514 prope
856 1431 995 1514 patriam
1019 1432 1121 1513 erant,

193 1517 390 1602 regionibus,
414 1518 640 1603 gaudebatque
664 1520 832 1583 doctorum
851 1520 1026 1583 amioorum
1047 1541 1120 1584 oon·

191 1607 323 1689 moreio,
346 1628 418 1671 oum
437 1606 575 1690 Paulini,
599 1607 655 1692 qui
678 1629 780 1691 usque
800 1608 840 1671 ad
860 1630 887 1671 a.
901 1609 965 1673 389
985 1609 1028 1672 iu.
1055 1607 1119 1671 He·

192 1696 343 1779 bromagi
371 1694 524 1779 degebat,
551 1702 621 1760 tum
650 1695 804 1777 Theonis,
832 1695 908 1758 Axii
931 1695 1037 1778 Pauli,
1064 1696 1121 1759 'le-

192 1784 301 1849 tradii.
337 1792 417 1857 (Trea
441 1793 543 1848 diuersi
562 1795 630 1849 anni
648 1793 714 1847 solis
734 1793 859 1863 epistolis
879 1793 932 1846 IIII
951 1793 990 1846 VI
1008 1795 1038 1847 et
1054 1792 1121 1847 VIII

192 1868 401 1940 significantur,
425 1868 528 1939 quibus
546 1869 664 1925 Paulum
685 1868 824 1923 Santonos
843 1868 958 1935 inuiiat,
982 1871 1011 1924 et
1028 1869 1121 1938 prima

193 1939 306 2009 quidem
332 1943 397 1994 ante
415 1941 533 2011 paseha,
557 1943 635 1995 ouius
654 1939 803 1994 sollemnia
822 1957 851 1994 ee
870 1942 1003 1995 reuocent
1021 1940 1120 1995 Burdi-

194 2010 304 2081 galam,
322 2013 413 2066 altera
431 2012 528 2066 statim
547 2015 611 2082 post
629 2012 743 2081 paseha,
763 2011 847 2065 tertia
866 2028 961 2065 mense
980 2011 1120 2069 Ianuario.

193 2097 250 2136 non
269 2081 374 2137 eisdem
393 2084 443 2137 sed
462 2084 526 2136 aliie
541 2085 621 2137 aunIs
636 2083 754 2137 forsitan
769 2082 970 2137 adsombendae
985 2083 1042 2138 siut
1055 2100 1119 2152 epp.

193 2152 248 2206 Vll
265 2156 295 2207 et
313 2152 391 2207 VIIII
409 2172 473 2208 oum
492 2153 622 2223 decima.)

194 2259 311 2314 Ausonii
326 2260 380 2315 duo
392 2260 509 2328 praedia
523 2264 611 2326 erant,
626 2261 716 2313 altera
730 2259 941 2314 Lucaniacus
955 2259 1017 2330 (Ep.
1028 2259 1120 2315 XXVI

123 2350 144 2385 r.
167 2337 214 2397 12,
239 2348 282 2399 ep.
302 2337 350 2397 48,
374 2338 403 2397 7,
426 2330 476 2401 Ep.
495 2331 587 2384 XXVI
610 2338 657 2396 44,
682 2332 732 2401 Ep.
757 2330 821 2383 XVI
844 2334 871 2399 b)
895 2332 941 2384 uel
967 2331 1122 2386 Lucanus

101 2351 231 2456 landus
251 2401 372 2470 (Paulini
398 2403 446 2471 Ep,
467 2400 558 2454 XXXI
578 2405 653 2472 266):
678 2407 727 2456 ant
749 2401 932 2471 Lugagnao
955 2417 1042 2470 prope
1066 2403 1122 2455 Du·

102 2471 178 2528 ranii
203 2471 289 2538 ostia,
316 2476 366 2527 aut
394 2473 547 2542 Loupiao
575 2490 662 2542 prope
691 2471 849 2526 Cadillao
876 2473 912 2524 ad
942 2471 1121 2536 Garumnam,

103 2543 182 2614 quod
197 2544 365 2598 Dezeimeris
381 2560 414 2597 ex
428 2544 541 2597 Leontii
556 2542 665 2597 Lasoiui
685 2543 780 2612 lapide
799 2543 839 2595 ibi
857 2541 974 2595 inuento
994 2541 1122 2597 oonieeit.

103 2616 150 2670 lbi
164 2614 263 2668 uillam
283 2615 406 2669 habebat
423 2615 510 2684 signis
526 2618 653 2669 ornatam
669 2615 731 2682 (Ep.
746 2612 811 2666 XVl
827 2619 843 2666 b
857 2612 927 2665 uilla
941 2610 1120 2677 Lucani-aem

102 2704 149 2755 ep.
175 2691 210 2739 48
234 2687 344 2754 signum
369 2701 556 2768 marmoreum
580 2686 685 2739 Baoohi
708 2687 736 2738 in
760 2685 830 2737 uilla
852 2685 974 2766 nostra),
1003 2683 1122 2766 eulmine

102 2757 770 2893 tbitb⁸t5⁰dtii²ffltttitali
785 2754 1123 2896 litgiltttttttzit

102 2898 211 2954 inuitat
229 2897 370 2952 Theonem
390 2897 450 2968 (Ep.
469 2897 533 2952 XVI
552 2902 592 2964 t):
619 2916 701 2966 quem
721 2915 739 2952 a
757 2898 921 2952 Dumnitoni
940 2898 1023 2952 litore
1043 2900 1122 2952 aestu

103 2969 247 3040 perlatum
272 2972 307 3023 ad
332 2969 485 3024 Condatem
509 2974 621 3038 portum
645 2971 837 3040 (Libourne,
860 2969 909 3022 ubi
933 2968 996 3022 bila
1019 2968 1048 3022 in
1067 2968 1122 3022 Du·

103 3042 217 3096 ranium
245 3040 347 3108 influit)
376 3041 511 3108 petorrita
539 3040 716 3094 inuenturum
745 3041 887 3109 promIttit
915 3043 951 3105 (u.
982 3042 1039 3109 32);
1073 3055 1124 3109 per

104 3112 226 3166 eundem
251 3112 310 3165 sine
335 3111 420 3165 dubio
444 3117 557 3181 portum
581 3113 725 3180 (oppidum
750 3111 820 3165 dicit
847 3115 933 3179 poeta
958 3111 1007 3179 Ep.
1033 3109 1124 3164 XXVI

103 3200 148 3252 pr.
170 3186 214 3250 ll)
233 3182 333 3236 Philon
352 3183 453 3237 uilicus
473 3184 613 3236 frumenta
632 3185 780 3250 conportet
798 3181 835 3234 ad
853 3182 966 3248 uillam,
989 3199 1076 3249 quare
1094 3181 1124 3235 in

105 3252 267 3308 Condatino
287 3254 350 3308 uico
370 3253 454 3307 eitam
474 3254 605 3307 Paulinus
625 3273 650 3307 u.
671 3259 723 3307 aba
742 3252 819 3306 dIeit.

196 3324 277 3378 Hanc
301 3341 362 3378 esse
387 3324 529 3390 uillulam,
552 3324 607 3377 hoo
629 3323 844 3378 herediolum
869 3321 1009 3392 suspicor,
1035 3322 1123 3392 quod

105 3399 207 3466 puter
237 3386 543 3464 reliquerat'filio
576 3394 729 3464 (Herediol,
759 3399 798 3464 1),
832 3395 980 3463 paruulum
1010 3394 1124 3461 quidem

105 3472 145 3534 (ιι.
166 3472 195 3531 9;
215 3468 300 3535 paulo
320 3465 383 3536 plus
402 3465 581 3535 septingenta
600 3467 698 3536 iugera
717 3467 848 3531 habebat,
868 3484 894 3518 ιι.
915 3471 947 3518 ‘21
965 3469 1050 3533 sqq.),
1076 3463 1125 3518 sed

106 3537 249 3592 excultum
270 3555 287 3592 a
305 3536 459 3592 maioribus
474 3541 513 3604 (ιι.
530 3543 616 3605 lsqq.
638 3536 774 3590 maiorum
794 3553 881 3606 regna
895 3553 1029 3602 meorum,
1049 3534 1126 3603 quod

105 3624 239 3678 proauus,
258 3608 334 3677 quod
352 3625 435 3675 auus,
459 3609 534 3677 quod
553 3624 635 3678 pater
653 3609 800 3674 excoluit),
828 3623 916 3676 prope
942 3624 1052 3661 amnem
1076 3622 1124 3658 na·

105 3680 237 3749 uigerum
260 3697 297 3735 eo.
318 3678 488 3733 Garumnam
513 3681 551 3746 (u.
571 3685 605 3733 25
630 3679 720 3733 amnis
744 3680 860 3747 nauiger
884 3679 929 3731 hio
954 3677 1056 3732 refluus
1080 3691 1124 3728 me

107 3751 188 3805 uehit
210 3767 243 3806 ao
267 3749 389 3816 reuehit,
414 3750 449 3805 cf.
477 3750 525 3819 Ep.
550 3751 614 3804 XVI
639 3757 671 3804 31
696 3767 765 3804 unus
792 3747 957 3802 Dumnitoni
985 3750 1013 3800 te
1042 3749 1125 3800 lItore

106 3821 231 3891 perierat
249 3826 344 3877 aestus
363 3819 517 3876 Condatem
537 3821 573 3876 ad
592 3826 724 3891 portum),
743 3839 795 3874 neo
813 3819 912 3888 prooul
932 3820 1000 3873 urbe
1019 3816 1127 3885 (Burdi-

106 3893 185 3964 gala)
210 3891 297 3948 eitum
320 3909 372 3948 neo
394 3910 507 3963 prorsus
532 3893 568 3948 ad
587 3894 685 3947 urbem
706 3897 741 3960 (ιι.
761 3895 817 3958 29).
859 3907 930 3958 quae
950 3905 1013 3942 oum
1033 3885 1128 3941 omnia
