2430 4274
421 559 462 569 -
508 540 639 586 LXXXVI
684 558 728 567 -

67 683 165 748 etiam
184 681 361 747 Thadeus
374 681 579 767 Vgoletus‚
603 681 658 767 qui
677 679 814 746 Parmae
827 685 912 746 1499
932 679 1080 763 (iterum-

68 794 130 856 que
163 771 297 836 Vercellis
323 769 418 857 1501)
453 771 641 834 Ausonium
666 770 785 854 praelis
819 770 965 834 subiecit.
1007 792 1082 835 nam

68 862 97 926 is
117 861 183 925 alia
202 861 307 925 multa
325 859 444 925 adiecit
462 858 628 943 opusculis
646 859 843 923 Ausonianis
862 863 959 924 antea
978 858 1084 944 editis,

67 953 104 1013 ut
134 950 204 1014 iuro
232 971 291 1014 suo
319 949 424 1014 dicero
450 953 561 1033 posset
589 969 647 1031 „ex
676 947 850 1013 collatione
878 948 1080 1012 diuersorum

68 1038 215 1103 codicum
247 1038 391 1103 Ausonio
426 1038 584 1121 additum,
617 1041 774 1120 quantum
807 1036 911 1101 adhuc
943 1038 983 1102 ab
1017 1037 1082 1102 alio

67 1127 216 1191 nemine“
234 1165 275 1173 -
296 1127 433 1210 protulit
457 1126 542 1191 enim
566 1148 604 1190 ex
624 1125 798 1190 Tristani
818 1123 954 1190 Chalci
974 1126 1082 1191 codice

68 1216 194 1282 Ludum
218 1215 281 1281 Vll
311 1216 508 1299 sapientium
532 1217 565 1280 et
588 1213 781 1298 catalogum
805 1213 944 1278 Vrbium
967 1219 1083 1299 totum,

71 1326 110 1390 eir
138 1304 223 1369 libro
248 1304 409 1369 Antonii
433 1302 610 1368 Bernerii
637 1302 707 1367 iure
735 1303 876 1368 consulti
900 1302 1082 1387 Periochas,

68 1415 108 1457 ex
135 1394 231 1457 tertio
260 1393 344 1457 libro
372 1391 506 1478 (nempe
534 1392 752 1457 Laurentiano
779 1391 954 1456 Verrazani
984 1415 1083 1457 manu

69 1479 1083 1654 {tll'ldttllJlldllmllllztltlltllsidtu

68 1659 149 1724 illud
173 1663 301 1743 tempus
321 1657 495 1725 Caesarum
518 1658 715 1723 tetrasticha
736 1695 773 1704 -
796 1663 829 1722 et
850 1659 884 1722 in
904 1659 991 1722 calce
1011 1681 1083 1723 curn

69 1746 235 1833 Sulpiciae
266 1748 408 1813 carmine
436 1748 553 1812 adiecit
578 1747 833 1833 „epigrammata
857 1746 1013 1828 [XXIIII]
1045 1770 1083 1813 ex

69 1836 202 1923 Georgii
225 1837 435 1902 Alexandrini
461 1836 632 1918 [Merulae]
657 1858 736 1920 quae
760 1836 908 1900 feruntur
932 1858 1082 1902 manasse

68 1926 293 2009 bibliotheca“,
330 1926 536 2009 eiusdemque
571 1924 695 1990 farinae
732 1926 797 1989 alia
833 1947 950 1991 nonem
985 1926 1083 1991 tacite

68 2014 264 2097 interposuit
287 2014 483 2078 Ausonianis
506 2014 810 2097 epigrammatibus:
833 2014 949 2079 horum
975 2018 1082 2079 autem

67 2106 254 2187 poematum
274 2101 419 2166 XXXIII
443 2103 594 2185 pleraque
618 2125 656 2166 ea
674 2103 745 2187 ipsa
765 2105 850 2183 sunt,
874 2125 956 2188 quae
976 2105 1084 2168 Anan-

68 2189 150 2254 tium
171 2212 270 2272 supra
290 2189 427 2255 edidisse
446 2191 584 2255 diximus
605 2191 682 2275 (uid.
697 2191 784 2256 infra
798 2214 827 2274 p.
842 2189 1046 2278 428-435).
1069 2191 1083 2278 )

67 2279 119 2342 bis
139 2280 238 2343 etiam
258 2277 399 2343 Graecae
417 2279 640 2364 Anthologiae
659 2301 719 2364 ope
738 2302 817 2345 usus
837 2281 1083 2366 epigrammata,

70 2388 153 2451 quae
176 2368 229 2432 uel
253 2372 347 2432 orant
369 2369 421 2433 uel
445 2368 639 2434 uidebantur
661 2372 825 2452 truncata,
848 2369 917 2452 ipse
941 2369 1085 2452 expleuit

68 2456 113 2540 (p.
131 2457 198 2522 435
213 2455 284 2542 sq.)‚
308 2481 405 2543 quam
429 2479 497 2522 rem
517 2458 589 2541 quis
608 2458 712 2541 possit
730 2457 938 2543 integerrimo
958 2457 1029 2523 uiro
1048 2459 1083 2522 in

68 2546 184 2611 uitium
199 2547 347 2611 uertere?
371 2551 575 2611 accesserunt
594 2548 702 2629 etiam,
726 2569 808 2630 quae
829 2547 862 2610 in
876 2546 982 2611 indice
996 2545 1084 2632 Vgo·

67 2634 190 2700 letiano
213 2658 280 2700 non
298 2643 507 2700 recensentur
524 2641 562 2699 ut
580 2658 675 2719 noua,
693 2634 830 2700 Ausonii
850 2636 890 2700 ad
910 2636 1083 2700 Paulinum

66 2725 207 2806 epistula
220 2723 366 2788 XXVIII
381 2723 489 2808 (XXV
498 2723 590 2810 418),
609 2731 642 2788 et
660 2724 789 2808 quidem
808 2747 847 2788 ex
861 2723 1081 2789 Laurentiano

66 2813 120 2892 23,
135 2812 186 2892 20,
206 2816 303 2896 atque
318 2813 451 2896 antiqua
466 2812 603 2896 quidem,
619 2812 674 2877 sed
689 2812 729 2876 ab
744 2810 972 2898 Burdigalensi
986 2818 1085 2897 poeta

67 2899 182 2981 aliena,
196 2899 234 2963 de
249 2901 435 2965 nominibus
451 2901 619 2965 stellarum
634 2923 762 2967 carmen
774 2899 874 2987 (infra
883 2924 913 2985 p.
924 2903 989 2966 412
1000 2900 1085 2987 IIII)

68 2993 99 3052 et
114 2989 293 3053 sententiae
308 2993 430 3072 septem
443 2989 636 3072 sapientium
648 2989 839 3075 (309-315
849 3014 880 3075 p.
889 2988 1084 3075 loo—408)

67 3099 105 3142 ex
133 3075 352 3142 Laurentiano
376 3077 436 3162 37,
459 3078 515 3161 25,
548 3101 629 3164 quas
658 3079 696 3144 de
725 3101 784 3144 suo
813 3101 851 3142 ex
879 3079 1084 3164 Anthologia

67 3167 232 3231 conuersis
261 3165 408 3230 uersibus
434 3163 529 3252 (316)
557 3168 685 3232 uidetur
713 3169 853 3248 arruisse,
886 3167 1024 3253 denique
1047 3169 1083 3232 in

66 3277 203 3338 puerum
216 3254 393 3320 formosum
405 3257 607 3341 epigramma
618 3256 709 3341 (olim
722 3257 794 3340 107,
808 3257 894 3321 infra
902 3279 933 3340 p.
942 3256 1007 3320 417
1019 3255 1083 3341 Vl).

67 3343 100 3407 in
126 3343 323 3408 Ausonianis
349 3343 506 3430 Vgoletus
536 3367 609 3409 raro
638 3345 795 3409 traditum
818 3345 912 3409 libris
936 3344 1083 3410 ordinem

67 3433 220 3514 mutauit,
248 3433 343 3497 laude
371 3455 448 3498 sane
477 3433 594 3519 dignus
623 3434 707 3518 quod
736 3434 774 3498 de
802 3433 910 3499 Fastis
938 3435 1084 3499 earmina

66 3543 105 3584 ex
128 3520 400 3607 Epigrammaton
426 3521 509 3586 libro
532 3524 680 3588 remouit

134 3608 208 3676 Nou
233 3633 323 3675 suam
347 3610 531 3694 editionem,
555 3611 612 3675 sed
627 3609 858 3695 Vgoletianam
884 3621 1012 3675 secutus
1033 3616 1085 3675 est

138 3749 165 3820 *)
185 3750 279 3804 omnia
303 3766 362 3805 esse
381 3750 504 3805 Merulae
529 3767 592 3804 cum
616 3750 749 3804 dixissem
773 3753 802 3805 et
824 3749 902 3804 nullo
921 3750 987 3804 dolo
1006 3749 1084 3806 malo

65 3820 156 3875 inlata
174 3819 356 3889 Ausonianis,
380 3822 450 3877 haec
474 3821 588 3890 quidem
612 3819 649 3874 ab
668 3819 790 3889 Vgoleto
810 3837 871 3875 esse
888 3821 967 3875 facta
985 3823 1015 3874 et
1032 3838 1085 3890 per

66 3893 193 3947 fraudem
211 3893 319 3948 intrusa
328 3895 410 3964 putat
421 3892 540 3948 Schenkl
552 3891 643 3947 causis
654 3892 768 3948 minime
779 3891 982 3947 sufficientibus
990 3891 1084 3948 nixus.
