2400 4282
465 540 678 587 ..XI-

62 687 91 752 is
116 685 208 767 ordo,
232 683 272 748 ad
298 704 392 767 quem
410 680 590 747 Vossianus
614 683 765 768 pertinet,
788 683 950 747 iacturam
973 683 1077 747 multo

64 773 310 860 grauissimam,
340 791 421 856 quae
452 793 549 855 quam
581 770 733 835 habuerit
763 793 894 835 causam
925 792 1078 855 quaerere

63 864 131 928 iam
159 861 320 946 cogimur3
349 860 551 924 desideratur
579 859 666 923 enim
694 859 728 923 in
754 858 917 924 Vossiano
940 860 1079 925 Mosella

64 973 138 1016 cum
174 948 362 1034 Symmachi
397 948 546 1032 epistula.
600 946 759 1013 falluntur
795 951 903 1012 autem
939 949 994 1033 qui
1026 950 1079 1014 uel

63 1038 235 1105 Mosellam
257 1038 311 1102 uel
335 1036 511 1101 Theodosii
534 1037 708 1120 epistulam
735 1036 770 1101 in
798 1037 962 1120 prioribus
986 1041 1077 1121 quat·

65 1132 143 1194 tuor
163 1126 317 1191 Vossiani
341 1126 415 1190 libri
439 1125 704 1209 quaternionibus
728 1123 818 1210 (nam
843 1146 863 1189 a
885 1125 999 1210 quinto
1022 1126 1077 1190 ille

63 1216 150 1281 liber
175 1237 261 1280 nunc
289 1214 455 1280 exordium
483 1210 584 1299 capit)
613 1213 712 1278 fuisse
738 1217 866 1297 putant
912 1216 1001 1279 cuius
1029 1215 1078 1278 in-

64 1305 201 1389 scriptio
228 1303 376 1388 „Abhinc
402 1302 538 1367 Ausonii
573 1302 746 1387 opuscula“
778 1301 812 1366 id
843 1303 951 1387 ipsum
979 1303 1077 1387 signi·

62 1393 142 1458 ficat
179 1392 262 1458 alius
298 1391 466 1457 cuiusdam
508 1391 651 1456 auctoris
692 1392 907 1475 praecessisse
948 1392 1077 1456 librum.

61 1482 164 1547 immo
188 1480 387 1564 descriptum
410 1479 596 1564 putabimus
621 1478 818 1545 Vossianum
842 1502 880 1545 ex
904 1481 1077 1562 uolumine,

64 1569 151 1656 quod
174 1590 240 1634 non
262 1569 326 1633 iam
350 1568 465 1633 habuit
487 1567 664 1634 Mosellam.

130 1657 194 1722 Hic
213 1657 391 1722 offeruntur
414 1656 476 1721 duo
500 1679 583 1740 quae
601 1657 743 1722 nondum
762 1658 932 1743 attigimus
958 1657 1076 1741 prioris

63 1746 190 1812 ordinis
200 1767 328 1831 genera,
342 1767 478 1831 quorum
489 1766 571 1829 qnae
582 1746 625 1809 sit
634 1745 734 1829 origo,
749 1767 830 1828 quae
840 1746 925 1809 ratio
935 1745 1077 1809 dubitari

61 1839 182 1920 potest.
198 1832 720 1916 alterumenimllxcerptorum
731 1834 949 1898 exAusonii
964 1855 1075 1917 opus-

63 1925 165 1988 culis
183 1923 316 1988 titnlum
335 1921 420 2007 quod
439 1922 547 2006 habat,
566 1923 713 2004 alterum,
732 1923 820 1988 cuius
835 1925 976 2007 optimus
991 1945 1075 1988 nunc

61 2012 158 2078 testis
178 2016 229 2076 est
246 2010 448 2076 Parisinus
467 2011 584 2093 liber,
610 2012 686 2095 quia
706 2033 783 2076 sane
805 2013 839 2075 in
857 2033 896 2076 eo
915 2012 1018 2077 multa
1037 2034 1075 2077 ex

62 2101 198 2186 optimis
218 2099 355 2164 Ausonii
374 2099 539 2183 opusculis
556 2101 677 2179 insunt,
696 2100 912 2165 conlectiones
934 2122 1003 2165 asse
1022 2100 1076 2166 uia

61 2211 101 2255 ac
119 2189 247 2254 ratione
266 2187 453 2272 conpositae
472 2209 538 2254 non
555 2188 680 2253 nemini
697 2188 799 2253 uideri
820 2189 948 2273 possint
971 2190 1075 2273 primo

62 2279 191 2344 obtutu.
223 2296 336 2342 uerum
350 2277 514 2341 enimuero
526 2276 662 2342 Mosella
676 2279 752 2361 quia
771 2277 871 2361 deest,
889 2298 970 2361 quae
987 2277 1077 2342 Pari-

62 2367 154 2431 sinus
174 2365 318 2431 continet
341 2365 389 2430 ita
410 2365 517 2450 possis
536 2366 769 2430 conlectionem
792 2365 958 2450 discipulis
981 2366 1075 2430 desti·

62 2461 178 2520 natam
207 2453 325 2536 dicere,
352 2456 389 2517 ut
417 2476 455 2519 ex
484 2454 647 2537 opusculis
675 2475 740 2518 non
768 2455 833 2518 iam
860 2455 996 2538 integris
1024 2453 1076 2538 (ut

62 2547 141 2609 sunt
159 2543 193 2608 in
211 2541 389 2625 Vossiano)
412 2542 516 2608 electa
539 2543 640 2621 dicas,
664 2544 913 2625 quemquamst
936 2541 1000 2606 alia
1023 2541 1077 2606 de·

62 2636 148 2714 sunt,
171 2652 254 2716 quae
273 2652 346 2695 eum
365 2631 399 2695 in
417 2653 511 2696 usum
532 2652 628 2716 aegre
646 2630 822 2695 desideres:
845 2629 985 2695 Mosella
1003 2651 1075 2695 curn

61 2720 236 2788 coniuncta
259 2720 441 2784 inueniatur
463 2720 496 2784 in
520 2717 549 2784 S.
570 2719 715 2784 Gallensi
739 2723 771 2784 et
791 2718 993 2785 Bruxellensi
1015 2718 1075 2805 (al-

59 2810 165 2875 terius
198 2809 326 2894 generis
358 2808 489 2892 optimis
521 2805 674 2895 testibus)
706 2830 779 2874 cum
816 2809 938 2895 eclogia
971 2809 1074 2874 multo

60 2897 281 2982 inferioribus,
302 2897 403 2962 immo
426 2897 530 2961 infimi
553 2897 689 2982 generis,
712 2919 807 2982 quem
826 2897 976 2983 selegisse
994 2899 1075 2964 haec

60 2986 268 3052 mediocriter
294 3007 409 3050 sanum
438 2989 472 3050 et
501 2987 534 3050 in
563 3007 662 3051 unum
691 2986 896 3051 coniunxisse
926 2992 994 3052 tam
1027 2988 1074 3053 di-

60 3096 159 3140 uersa
181 3074 244 3139 tibi
268 3074 484 3158 persuadeas?
531 3095 591 3159 ago
620 3096 658 3138 ex
685 3075 898 3141 laceratorum
926 3075 1074 3142 codicum
1181 3069 1183 3079 '

60 3163 222 3247 relliquiis
244 3167 357 3227 natam
381 3184 496 3227 censeo
515 3167 549 3227 et
566 3163 650 3227 hanc
669 3170 702 3227 et
724 3165 813 3229 illam
832 3165 1074 3251 conlectionem,

60 3253 163 3317 immo
182 3249 282 3338 (quod
301 3251 440 3335 probare
464 3252 571 3316 studui
590 3250 717 3318 Ueberl.
737 3275 766 3337 p.
786 3253 867 3339 313)
890 3255 984 3320 unius
1003 3278 1072 3321 esse
1091 3318 1097 3328 ,

61 3344 234 3424 utramque
262 3339 387 3424 antiqui
415 3339 532 3406 codicis
560 3343 701 3417 λείψανα
733 3364 805 3407 cum
833 3341 996 3410 Vossiana
1025 3344 1072 3409 la·

61 3428 155 3493 milia
178 3429 310 3513 cognati
333 3427 475 3513 quidem,
504 3428 560 3493 sed
588 3429 628 3494 ad
656 3431 865 3516 archetypum
890 3434 945 3517 qui
969 3436 1071 3499 multo

59 3517 196 3605 propius
228 3515 393 3583 accederet
424 3522 570 3602 tempore
602 3524 808 3605 seruarctque
836 3521 891 3604 qui
916 3527 994 3607 post
1017 3524 1070 3588 ab·

59 3609 174 3689 reptos
211 3610 261 3670 est
291 3604 472 3671 Mosellam.
522 3606 597 3687 hinc
629 3608 854 3692 explicandum
886 3612 949 3675 erit
985 3612 1070 3696 quod

60 3692 238 3760 Theodosii
266 3695 440 3779 epistulam
463 3694 563 3760 habet
586 3695 767 3781 Parisinus,
795 3720 876 3783 quae
905 3699 1071 3766 intercidit

58 3784 96 3847 in
122 3781 299 3865 Vossiano,
329 3783 405 3848 hinc
437 3784 521 3868 quod
548 3784 713 3873 Excerpta
747 3787 851 3879 epigr.
875 3787 921 3858 25
944 3787 999 3881 till
1025 3790 1077 3857 in·

57 3875 182 3951 tagram
205 3870 345 3952 tradant,
372 3877 409 3936 ut
427 3894 494 3940 non
520 3875 627 3947 dicam
653 3880 768 3973 ipsum
791 3883 978 3957 Mosellam
994 3882 1097 3974 Spin·
