2430 4274
530 533 770 600 -380-

142 698 179 762 in
201 695 376 761 concilium
397 694 586 777 proceribus
610 691 778 759 aduocatis
802 690 996 756 mandatum
1017 690 1106 756 Iouis
1124 696 1155 755 et
1169 703 1192 752 ιο

143 785 284 870 speciem
306 785 484 848 nocturnae
503 781 622 867 quietis
641 781 803 865 explanat
834 779 960 845 morin
974 780 1152 847 contionem

142 872 352 938 multitudine
371 875 568 957 congregata
585 872 784 954 pertemptat
801 867 943 933 militum
958 869 1152 934 uoluntatem

142 964 243 1046 utque
271 961 419 1045 deposito
447 960 534 1025 bello
562 959 603 1023 ad
628 980 687 1023 sua
711 957 846 1042 quisque
868 956 1022 1041 redeant,
1050 957 1151 1024 cohor·

142 1052 241 1115 tatur.
294 1049 425 1133 iamque
462 1047 611 1113 omnibus
648 1044 891 1131 nauigationem
924 1045 1151 1111 adornantibue

142 1137 238 1203 foeda
257 1137 411 1203 discessio
430 1137 472 1201 nb
491 1135 587 1200 Vlixe
606 1135 787 1201 cohibetur.
819 1154 921 1217 aquo
941 1135 1045 1199 etiarn
1063 1134 1149 1200 Ther·
1165 1148 1189 1198 11

143 1227 223 1292 sites
255 1225 407 1290 deformis
439 1229 473 1289 et
502 1225 623 1308 loquax
655 1226 689 1288 et
720 1225 754 1288 in
781 1221 916 1288 heroum
945 1223 1152 1289 contumeliae

143 1315 318 1380 uerborum
344 1312 478 1378 licentia
502 1316 673 1397 promptus
697 1333 767 1377 cnm
791 1312 906 1376 acerba
931 1311 1152 1398 obiurgatione

141 1403 300 1487 pulsatur.
335 1402 406 1486 ipse
425 1400 592 1466 Mineruae
606 1401 743 1465 *monitu
766 1403 898 1465 cunctos
921 1422 942 1465 a
960 1400 1152 1484 profectione

143 1489 293 1555 deterret
330 1493 461 1574 sumpto
480 1490 595 1555 deinde
609 1489 682 1555 cibo
697 1492 842 1554 armatur
855 1490 1028 1556 exercitus.
1060 1509 1152 1574 neque

143 1579 245 1643 setius
273 1600 293 1642 a
316 1575 466 1644 Troianis
494 1578 655 1643 instructa
683 1577 783 1661 acies,
811 1575 898 1641 Iride
924 1578 974 1643 ita
998 1579 1186 1658 monentqro

142 1665 339 1749 producitur.
381 1667 526 1751 seqnitur
549 1667 751 1732 enumeratio
775 1665 941 1749 copiarum
964 1665 1102 1747 uiritim,
1120 1670 1151 1729 ut

143 1775 202 1838 per
234 1755 378 1840 catalogi
411 1756 526 1820 seriem
559 1755 695 1838 milites,
730 1775 845 1837 naues,
882 1753 994 1838 duces,
1027 1754 1150 1838 patriae,

144 1846 343 1909 retexuntur.

629 2034 677 2089 111.

252 2133 349 2207 Αὐτὰρ
369 2135 431 2193 ἐπεὶ
449 2139 596 2209 κόσμηθεν
615 2134 666 2210 ἅμ’
686 2135 870 2210 ἡγεμόνεσσιν
890 2137 1007 2193 ἕκαστοι

251 2243 371 2314 Argiuos
390 2262 442 2299 sua
460 2263 599 2315 quemque
618 2246 692 2301 acies
710 2245 740 2300 in
758 2245 835 2300 bella
852 2248 1000 2314 secuntur,

249 2313 388 2386 Dispositi
406 2317 436 2371 in
453 2320 560 2372 turmas
579 2317 705 2386 equitum
724 2332 882 2385 cuneosque
939 2316 1059 2372 destreo.

248 2376 374 2441 turbida
393 2388 555 2458 clangentes
575 2387 749 2443 confundunt
767 2387 882 2457 agmina
924 2404 994 2442 roes.

210 2512 410 2578 Instructum
437 2515 560 2597 proelio
587 2516 774 2598 exercitum,
801 2514 992 2598 priusquam
1022 2513 1174 2580 fernerets

144 2603 238 2685 acies,
263 2602 411 2667 Priamus
435 2607 562 2686 spectat
585 2625 602 2666 e
625 2603 726 2667 muris
749 2607 783 2668 et
806 2605 993 2667 monstratu
1017 2602 1150 2668 Helenae

144 2690 183 2755 de
205 2691 286 2755 uiris
310 2691 492 2777 insignibus
516 2691 677 2756 edocetur.
715 2691 830 2756 dehinc
847 2689 1018 2755 Menelaus
1038 2691 1080 2756 ad
1097 2691 1150 2755 sin·

145 2779 259 2862 gulare
278 2784 442 2845 certamen
460 2780 501 2844 ab
520 2779 706 2845 Alexandro
726 2782 930 2864 prouocatur.
964 2781 1022 2864 qui
1040 2780 1152 2844 frustra

142 2866 386 2950 Agamemnone
406 2868 598 2933 dehortante
617 2868 834 2952 congreditur,
852 2867 941 2932 facta
954 2868 1044 2934 inter
1058 2874 1151 2932 utros-

143 2975 205 3038 que
237 2955 374 3038 populos
403 2957 578 3040 sponsione
606 2961 638 3020 et
666 2957 795 3022 foedere
823 2978 881 3040 per
909 2977 1002 3021 sacra
1030 2956 1150 3021 firmato
1166 2967 1188 3016 ιο

143 3042 203 3108 sub
232 3062 271 3105 ea
293 3042 496 3129 condicione,
525 3050 563 3110 ut
585 3045 742 3110 uictorem
765 3044 891 3110 Helena
914 3066 988 3110 cum
1013 3043 1089 3110 dote
1110 3063 1150 3107 se

143 3133 304 3213 queretur.
341 3131 397 3196 sed
421 3138 592 3216 supentus
610 3132 703 3197 Paris
727 3153 956 3218 regressusque
981 3133 1022 3199 ad
1046 3133 1150 3199 urben

215 3382 246 3430 11
267 3379 399 3432 concione
419 3377 446 3431 P
461 3393 529 3432 corr.
549 3378 648 3446 Peipcr
713 3384 746 3432 13
765 3376 883 3446 quisque
903 3377 943 3431 P·
961 3379 1068 3448 quique
1091 3377 1116 3431 V

141 3446 210 3501 letus
234 3448 239 3515 Ι
264 3448 428 3504 cohortatur
452 3449 481 3502 P
553 3455 585 3503 14
611 3448 841 3519 nauigatiouibus
860 3447 889 3500 P
959 3454 993 3504 1o
1016 3448 1085 3505 feda
1145 3448 1149 3513 ξ

139 3515 276 3642 ἓξὲξῆίῇ
291 3519 320 3572 Ρ
394 3525 427 3574 1o
454 3519 585 3575 herorum
610 3520 649 3573 P·
729 3525 761 3573 17
789 3520 916 3590 promtus
941 3518 971 3572 P
1043 3525 1078 3574 20
1103 3522 1152 3572 tro

213 3684 227 3730 1
256 3661 406 3761 Ampe-nr
429 3695 565 3734 acomoni
588 3697 662 3734 mr
685 3694 905 3763 euuonecrnescror
922 3677 953 3731 P
1023 3673 1156 3800 ll'rqes}

140 3762 202 3802 reos
222 3746 251 3799 P
320 3752 336 3801 5
361 3749 419 3818 pho
437 3750 491 3819 ΡΙ
521 3751 644 3806 serueret
668 3750 769 3821 Perper
798 3749 896 3805 fernes
917 3749 947 3803 P
1016 3749 1115 3805 talax

139 3820 635 3949 ὥοθϋοζεςοψιξοοιὲξνᾝωῇῗέωω
657 3821 685 3875 P
755 3826 788 3876 10
815 3819 911 3876 federe
931 3820 961 3874 P
1032 3826 1065 3876 11
1092 3834 1152 3876 oon·
