2430 4274
486 565 520 573 -
572 545 682 593 LXXVI
727 563 771 573 --

120 687 223 754 poetae
232 683 288 739 uiri
295 683 449 741 consularis
460 683 695 754 epigrammatum
706 684 736 738 et
744 682 946 754 aepistolaram
954 681 1141 739 fracmentau

121 758 210 824 deest
240 759 445 842 subscriptio.
491 759 525 822 in
550 758 614 823 fine
637 757 714 822 libri
736 757 865 823 nouicia
888 757 1047 842 quaedam
1071 757 1139 842 spi-

120 852 305 933 grammata
335 846 473 933 Angeli‚
508 847 656 926 Aemilii,
690 846 797 912 Porcii
828 848 989 911 recentior
1021 867 1139 912 manus

98 936 250 1024 ,adiecit
297 935 421 1001 Graeca
449 935 571 1001 omissa
598 939 675 1000 sunt
703 935 819 1020 spatiis
846 935 978 1000 relictis.
1023 935 1141 1000 desunt

120 1026 221 1111 epigr.
240 1026 284 1090 28
304 1022 355 1112 (3)
379 1049 408 1090 u.
430 1025 448 1089 7
469 1028 502 1089 et
521 1025 556 1110 8,
579 1030 612 1089 et
634 1025 675 1089 91
692 1022 773 1110 (80).
808 1024 951 1089 ordinem
975 1023 1139 1109 epigram·

119 1120 245 1179 matum
268 1113 356 1180 foliis
381 1113 505 1197 aliquot
527 1113 738 1196 transpositis
761 1113 929 1178 turbatum
949 1113 1021 1196 ipse
1040 1111 1138 1177 libra-

119 1203 187 1268 rius
210 1204 245 1267 in
268 1202 469 1287 marginibus
492 1201 563 1268 foll.
587 1202 667 1267 151ιι
692 1201 768 1266 154¹
790 1202 936 1267 correxit.

193 1309 327 1374 Vrsinus
341 1312 406 1374 649
420 1309 555 1373 membr.
579 1305 677 1374 Statii
695 1309 796 1373 siluas
810 1307 957 1392 sequitur
970 1306 1138 1373 Ausonius

119 1398 141 1462 f.
167 1397 340 1462 'Il—123³.
386 1402 521 1472 „Ausonii
544 1403 647 1458 Poetae
670 1402 743 1458 liber
764 1402 872 1472 primus
889 1402 1018 1471 incipit.“
1064 1397 1139 1462 sub·

120 1485 254 1571 scriptio
278 1507 345 1552 non
367 1485 468 1550 adest.
500 1486 646 1570 seqnitur
669 1483 820 1550 Sidonius
843 1484 866 1548 f.
886 1484 1089 1550 lab-176.

188 1572 269 1640 Cum
293 1573 453 1639 Vrbinate
478 1575 527 1639 ita
554 1574 732 1659 conspirat,
759 1576 797 1637 ut
825 1595 936 1638 omnes
963 1595 1002 1638 ex
1025 1573 1138 1639 eodem

119 1661 204 1728 libro
238 1662 418 1746 descriptos
450 1685 521 1730 esse
555 1666 724 1748 appareat,
761 1665 794 1727 et
824 1661 1138 1729 Barbcn‘nus1472

120 1748 255 1836 (VIIII
259 1750 315 1834 19)
330 1754 465 1818 membr.
475 1753 531 1837 qui
546 1754 652 1818 solum
662 1750 844 1816 Ausonium
859 1751 1006 1816 continet
1017 1746 1136 1837 (adum

120 1837 161 1892 nii
189 1837 288 1892 Peonii
314 1840 416 1908 poetae
443 1838 623 1894 disertissimi
644 1837 878 1908 Epigrammaton
904 1834 976 1891 liber
1003 1837 1136 1907 primus“.

120 1911 318 1994 subscriptio
351 1911 472 1998 deest),
506 1916 539 1978 et
570 1910 875 1995 Mapliucecchscnas
908 1908 981 1976 VII
1008 1916 1045 1994 8,
1076 1913 1137 1978 315

120 1999 255 2065 membr.
278 2000 334 2064 ubi
348 2001 370 2064 f.
384 2002 503 2066 1-60³
516 2002 681 2065 Ausonius
696 2001 757 2065 hac
770 1998 982 2084 inscriptione
998 1999 1137 2065 adiecta:

118 2091 199 2163 „caii
213 2091 284 2148 Solii
298 2092 405 2149 Sidonii
418 2092 589 2164 Apollinaris
604 2093 834 2164 Psnagiricorum
846 2094 919 2149 liber
931 2094 1059 2164 incipit.“
1083 2088 1139 2154 60Ι

119 2176 222 2240 -621
233 2175 331 2240 index
346 2177 528 2242 carminum
542 2176 806 2242 Ausonianorum
821 2199 846 2243 s.
860 2175 957 2241 XVII
970 2176 1137 2243 confectus

120 2270 153 2329 et
179 2265 368 2348 inscriptus:
402 2270 450 2339 „Q
475 2271 546 2327 Solii
573 2270 683 2326 Sidonii
710 2271 882 2341 Apollinaris
907 2270 1138 2342 Psnagiricorum

119 2357 233 2413 indcx“.
265 2354 287 2418 f.
306 2354 349 2418 63
373 2357 405 2418 et
427 2355 483 2418 64¹
505 2351 630 2419 Sidonii
652 2354 752 2419 index
775 2355 887 2418 cadem
909 2376 952 2419 m.
976 2356 1138 2434 exaratus,

119 2442 176 2526 qui
199 2443 374 2527 inscriptus
398 2449 448 2508 est
471 2446 924 2527 ‚,1ndexP0emau1mAusonii.“
962 2443 984 2508 f.
1007 2442 1052 2508 65
1066 2465 1135 2529 sqq.

120 2529 260 2596 Ausonii
279 2533 436 2617 opuscula
454 2541 592 2610 ,Ausonii
610 2542 715 2597 Poetae
734 2541 818 2596 Liber
836 2541 988 2596 Fosliciter
1006 2537 1137 2612 incipit.“

186 2621 422 2687 Laurentianus
439 2623 484 2703 pl.
504 2620 675 2686 XXXIII
693 2642 716 2687 c.
734 2620 891 2686 XVIIII
910 2620 1012 2686 chart
1032 2642 1056 2686 s.
1074 2619 1136 2685 XV

119 2708 187 2774 foll.
206 2710 250 2774 60
273 2710 344 2774 sola
362 2708 553 2775 Ausoniana
576 2711 728 2775 continet.
759 2709 874 2775 titulos
893 2730 1006 2775 omnes
1025 2709 1138 2774 omisit

121 2797 272 2897 librarius
296 2797 411 2881 spatiis
434 2798 595 2879 indicatis,
618 2800 698 2864 item
722 2797 845 2863 Graeca
868 2798 977 2863 uerba.
1019 2799 1138 2863 desunt

118 2905 220 3037 itit
245 2885 839 3058 {trissitantin.
863 2890 1138 3061 sluttere:

119 3061 210 3126 milia
236 3062 386 3146 plurimis
414 3062 494 3128 locis
526 3064 651 3150 intulit,
683 3065 778 3129 simul
807 3065 1021 3149 ineptissimis
1050 3085 1137 3130 corn·

119 3150 240 3215 mentis
268 3150 455 3235 inquinauit
477 3156 609 3217 textum.
645 3153 707 3219 hoc
731 3154 839 3219 codice
857 3152 1033 3218 Accursius
1056 3175 1136 3219 usus

120 3242 183 3321 est,
206 3246 282 3322 post
300 3238 458 3306 Nicolaus
482 3242 561 3324 (non
584 3239 711 3325 Daniel,
734 3242 819 3326 quod
842 3240 1015 3329 putabam)
1034 3239 1137 3306 Hein-

119 3328 196 3409 sius,
211 3328 265 3412 qui
275 3328 311 3392 in
320 3327 540 3394 Tornaesiano
552 3331 735 3415 exemplari,
745 3332 830 3415 quod
840 3336 891 3396 est
899 3329 1052 3414 Lugduni
1062 3328 1137 3396 Bar.

120 3416 183 3481 758
198 3415 232 3480 F.
245 3418 283 3482 11
287 3467 296 3501 ,
316 3418 436 3482 multas
457 3441 496 3483 ex
510 3440 547 3484 eo
562 3420 718 3485 lectiones
733 3420 915 3504 adscripsit.
929 3419 970 3485 cf.
984 3417 1137 3485 Schenkl.

118 3527 147 3588 p.
171 3503 264 3569 XXV
292 3505 402 3571 adnot.
424 3507 454 3571 9.
500 3528 561 3592 ego
588 3507 769 3574 Hermanni
796 3507 885 3573 Petri
918 3508 1137 3574 conlationem

117 3593 218 3658 habui
241 3616 268 3658 a.
295 3595 380 3659 1862
402 3595 533 3660 factam.

185 3681 338 3748 Nondum
367 3685 516 3749 conlatus
545 3685 675 3770 quidem
704 3686 759 3749 sed
784 3686 839 3771 qui
862 3686 1012 3751 uideatur
1034 3686 1070 3751 Z
1086 3685 1137 3751 fa-

119 3770 229 3835 miliae
254 3793 338 3837 esse:
367 3773 571 3839 Vulcaticnus
593 3775 662 3839 bibl.
679 3774 767 3856 publ.
788 3781 854 3840 146
877 3797 902 3839 e.
926 3775 997 3840 XV.

178 3857 332 3926 Codr'ccnr
373 3862 452 3929 bibl.
488 3861 523 3931 S.
555 3862 696 3949 Spirc'lcss
728 3863 906 3935 Florentiae
938 3887 958 3929 a
990 3863 1138 3929 Iohanne
