2430 4274
489 507 530 517 -
578 487 639 536 0111
688 507 726 518 -·

93 627 239 713 3771378
264 627 396 694 Pontii
428 628 584 694 Paulini
615 635 709 715 pater
739 632 822 697 obiit
849 638 895 707 (ds
919 639 1115 699 coniunctione

205 714 469 854 arffitfrm4)dus0nii
494 720 523 770 et
546 715 657 771 Paulini
680 715 737 772 uid.
757 716 807 788 Ep.
826 717 933 773 XXVII
952 726 985 775 10
1004 723 1033 776 et
1053 726 1115 792 106,

96 857 161 923 378
186 856 351 924 Pontius
379 858 562 925 Paulinus
593 862 746 926 Ausonio·
775 863 973 948 suffragante
1002 868 1115 931 consul

186 946 343 1012 suffectus
371 947 521 1014 Valentis
551 950 586 1013 iu
617 951 733 1015 locum.
771 956 847 1014 ants
876 951 1058 1018 Ausonium
1086 955 1115 1020 is

186 1036 348 1119 poeticam
381 1037 509 1101 laudem
540 1043 678 1103 nanctus
707 1043 779 1102 erat
809 1048 870 1118 (Ep.
894 1049 1000 1104 XXIIII
1024 1058 1114 1121 seqq.

187 1119 302 1175 Paulini
320 1122 386 1177 Nat.
403 1129 445 1190 13,
464 1128 516 1177 395
535 1122 578 1178 bis
596 1123 671 1178 terni
684 1124 784 1178 fasces.
813 1124 918 1180 huson.
932 1125 984 1195 up.
999 1125 1116 1182 XXVIII

91 1196 95 1201 '
188 1196 224 1245 34
242 1191 349 1260 primus
366 1193 486 1262 largitor
504 1195 642 1248 honorum
661 1194 738 1249 XXV
757 1200 792 1250 25
812 1195 926 1251 honoris
944 1199 1062 1266 auctor).

99 1264 241 1348 3781379
264 1264 508 1332 Theodosius
532 1267 698 1334 Sarmatas
728 1270 832 1333 uincit
855 1276 942 1346 (Prec.
963 1293 1037 1332 cons.
1057 1277 1114 1334 dea.

102 1352 107 1360 ’
187 1357 222 1406 36
232 1369 292 1420 sqq.
320 1352 441 1409 Pacatus
463 1369 536 1423 pane
559 1394 565 1407 .
593 1359 639 1421 10,
663 1360 687 1408 2.
719 1353 784 1409 iuda
808 1355 958 1410 Gratianus
982 1356 1116 1425 „Sarma-

186 1421 293 1476 ticus“:
317 1421 395 1478 Grat.
413 1422 475 1479 Aet.
496 1431 512 1479 8
554 1424 664 1481 hemist.
684 1442 722 1478 or.
742 1425 823 1480 XIIII
844 1431 893 1482 182
904 1428 948 1495 c).

98 1494 161 1561 378
188 1501 265 1580 pust
288 1518 329 1560 m.
352 1497 436 1582 Aug.
464 1497 675 1563 Gratianus
704 1497 857 1564 Sirmium
886 1501 977 1565 uenit
1005 1502 1114 1586 ibique

187 1605 262 1649 cum
295 1591 418 1669 ageret,
454 1587 660 1652 consulatum
690 1587 725 1651 in
760 1588 941 1653 Ausonium
975 1591 1115 1656 contulit

186 1669 276 1739 (Grat.
297 1673 358 1725 Act.
378 1675 432 1738 42).

97 1743 162 1809 379
188 1744 218 1807 d.
242 1745 289 1808 19.
308 1743 382 1810 Jan.
409 1745 652 1810 Theodosius
686 1745 855 1830 Augustus
884 1746 1026 1812 Orientis
1059 1749 1114 1813 de·

188 1833 330 1897 claretur
348 1834 432 1917 apud
452 1832 605 1898 Sirmium
623 1839 713 1909 (Oros.
729 1838 781 1894 vll
795 1845 838 1908 34,
853 1846 877 1896 a.
897 1839 1114 1912 Epitom.4‘1,³.

95 1991 162 2058 379
187 1922 384 2056 118118131ιὶ38
424 1990 649 2079 (septuaginta
684 1993 752 2058 fers
792 2016 894 2059 annus
933 1991 1044 2081 natus)
1081 1999 1115 2060 et

189 2080 226 2155 Q.
255 2079 388 2145 Clodius
420 2080 702 2165 Hermogenianus
740 2081 926 2165 Olybrius
964 2083 1113 2149 consules

188 2167 235 2234 (el.
256 2166 393 2235 Protrept.
414 2173 460 2221 93:
480 2166 561 2221 fastis
581 2167 650 2221 meis
669 2169 832 2239 praelatus).

96 2247 163 2305 378
179 2263 224 2304 ex.
239 2238 415 2324 (antequam
429 2247 524 2305 fasces
540 2250 733 2321 sumpserunt
747 2242 897 2328 consules)
912 2247 1114 2325 Symmachi

189 2333 232 2393 ad
252 2333 381 2393 Auscn.
402 2353 477 2411 epp.
496 2334 511 2392 I
532 2337 583 2393 22.
603 2338 653 2395 20.
675 2338 725 2395 19.

96 2425 163 2483 379
188 2422 265 2498 prid.
293 2422 340 2481 Kl.
368 2421 430 2481 Ian
460 2426 490 2483 et
519 2423 565 2481 Kl
598 2423 660 2482 Ian.
712 2424 950 2484 Precationcs
982 2425 1113 2484 consulis

187 2511 324 2570 Ausonii.

190 2619 239 2674 ep.
256 2602 296 2658 26
317 2600 353 2658 dc
368 2598 513 2659 Gratiano
527 2600 667 2677 Augusto
682 2599 815 2658 bellandi
831 2599 973 2675 fandique
992 2602 1115 2675 potente

189 2679 236 2747 (cs.
256 2680 332 2735 Prec.
353 2697 427 2734 cons.
447 2681 504 2737 des.
524 2687 559 2734 34
569 2699 629 2751 sqq.
649 2683 739 2749 step.
759 2687 805 2750 26,
825 2697 844 2734 1.
860 2697 881 2736 i.
896 2682 936 2750 a).

190 2760 296 2818 audem
308 2763 452 2835 tempore,
467 2762 502 2818 ut
516 2759 645 2836 uidetur,
660 2760 808 2835 eclogae
823 2759 863 2818 ds
878 2760 1060 2820 mensibus
1075 2761 1113 2820 al.

189 2847 1112 2926 postinitiumcousulatusSymmachisp.adAuscn.I2l

97 2939 164 2998 379
191 2938 264 2995 aest.
288 2935 491 3013 Symmachi
509 2937 552 2995 ad
570 2938 698 2997 Auson.
719 2957 768 3013 ep.
787 2937 802 2996 Ι
823 2940 863 2996 25
885 2941 968 3007 (infra
989 2942 1040 3013 Ep.
1055 2942 1115 3018 ΠΙ),

188 3024 243 3084 uhi
266 3025 332 3100 agit
354 3024 390 3085 dc
415 3025 571 3085 Thalassio
593 3026 721 3086 Ausonii
744 3044 853 3102 genere
882 3029 997 3099 (‚,hahes
1022 3031 1115 3086 uirum

190 3106 306 3175 dignum
323 3108 353 3160 te
372 3110 401 3160 et
419 3123 469 3174 per
487 3109 516 3160 te
535 3105 644 3161 familia
662 3105 839 3174 consulari“).

97 3187 224 3246 379111.
248 3184 327 3262 Aug.
355 3186 405 3243 uel
428 3185 533 3260 primis
557 3185 724 3261 Septembr.
752 3185 872 3244 dicbus:
906 3184 1115 3245 Gratiarum

191 3273 287 3332 actio
313 3273 350 3332 cd
373 3273 564 3348 Gratianum,
591 3275 696 3333 habita
718 3274 750 3332 in
774 3273 947 3332 consistorio
971 3274 1116 3350 principis

192 3365 218 3430 (ἓ
239 3373 254 3420 2
273 3370 303 3421 et
321 3367 376 3435 45),
395 3382 462 3421 cum
482 3362 595 3422 Gallias
616 3363 667 3422 illc
686 3363 746 3421 iam
764 3363 916 3439 ingressus
936 3366 1002 3421 erat
1020 3367 1046 3433 (ξ
1061 3366 1116 3440 82),

192 3451 245 3510 sed
264 3451 394 3511 nondum
412 3456 592 3528 peruenerat
605 3452 752 3512 Treueros
770 3455 795 3520 (ξ
810 3462 852 3510 34.
877 3455 1006 3510 Treueris
1021 3459 1116 3510 autem

191 3529 341 3586 Gratianus
364 3533 420 3586 ium
445 3534 506 3587 erat
529 3533 556 3586 d.
583 3537 616 3585 14
640 3533 715 3600 Sept.
740 3533 775 3586 cl.
800 3531 866 3587 cod.
892 3531 1029 3587 Theodcs.
1051 3530 1117 3586 XIII

190 3621 216 3683 8,
232 3619 286 3687 12),
300 3609 432 3670 nondum
447 3610 613 3687 designatis
626 3613 713 3673 nouis
728 3611 900 3671 consulibus
915 3605 1117 3680 (9233383313

190 3762 216 3832 ‘)
235 3763 307 3816 hanc
326 3763 481 3817 orati0nem
500 3778 652 3831 numquam
671 3760 782 3817 uidetur
804 3764 865 3833 ipss
887 3761 1006 3816 edidisse
1026 3761 1117 3839 Aus03

97 3834 174 3900 uius3
202 3850 267 3888 nam
288 3833 444 3902 Drepanius
467 3834 512 3889 uel
537 3832 661 3902 quisquis
684 3833 733 3888 ille
757 3838 801 3889 est
824 3832 921 3887 Gallus
944 3834 1042 3900 homo,
1068 3847 1116 3899 qm
