2430 4274
536 552 780 617 ..354-

147 714 176 779 ai
195 731 256 796 ego
274 712 449 777 terminum
468 732 533 776 nou
554 716 662 776 statuo
681 715 750 776 tam
770 716 866 796 grata
885 708 1073 794 profitendi,
1093 731 1168 779 cum
1180 736 1204 776 a

110 807 185 867 atu
212 801 310 866 finem
337 799 443 864 facere
470 800 596 865 nescias
624 799 817 865 honorandi.
863 797 935 883 quis
959 798 1047 863 enim
1075 798 1167 864 loeus

148 894 199 955 est
228 895 285 954 aut
312 888 394 973 dies,
423 889 477 973 qui
505 910 572 953 non
599 910 651 952 me
678 888 775 952 huius
799 892 856 952 aut
879 886 997 952 similis
1021 888 1164 971 gratula-

147 979 249 1043 tionis
273 977 469 1042 admoneat?
493 977 665 1042 admoueat
687 976 819 1041 autem?
848 997 866 1040 o
891 976 1045 1041 inertiam
1068 977 1165 1062 sigui·

108 1066 311 1132 nficationis
334 1066 488 1150 ignauael
534 1067 621 1150 quis,
649 1066 796 1149 inquam,
818 1066 909 1129 locus
933 1070 998 1147 est,
1022 1066 1078 1150 qui
1102 1086 1165 1130 nou

147 1155 314 1221 beneficiis
338 1154 403 1218 tuis
423 1154 540 1237 agitet,
564 1153 764 1218 inflammet?
788 1154 912 1235 nullus,
935 1154 1086 1238 inquam,
1110 1154 1199 1219 ima

148 1248 281 1329 perator
294 1243 457 1328 Auguste,
476 1242 555 1326 quin
574 1242 797 1307 admirandam
814 1243 955 1325 speciem
973 1245 1052 1306 tuae
1070 1263 1165 1307 uene·

148 1332 286 1397 rationis
304 1331 455 1395 incutiat:
476 1353 541 1395 uon
561 1331 735 1414 palatium,
753 1330 839 1416 quod
857 1336 908 1413 tu,
927 1352 1002 1395 curn
1021 1330 1165 1395 terribile

149 1420 327 1503 acceperis,
346 1418 486 1483 amabile
505 1420 715 1504 praestitisti3
738 1441 804 1485 uon
823 1419 929 1484 lorum
948 1423 982 1483 et
1000 1419 1166 1501 basilicae,

149 1509 227 1574 olim
256 1508 397 1591 negotiis
426 1510 535 1591 plena,
561 1530 647 1573 nunc
676 1510 762 1573 uotis
790 1530 849 1592 pro
878 1514 938 1572 tua
964 1509 1073 1572 salute
1097 1530 1165 1572 sus·

148 1598 263 1682 ceptis:
291 1618 367 1661 nam
397 1596 435 1661 de
463 1618 522 1661 sua
549 1597 600 1662 cui
626 1619 692 1662 non
714 1602 748 1661 te
772 1597 953 1680 imperante
982 1596 1199 1662 securitasle

148 1708 214 1751 non
238 1687 328 1750 curia
349 1684 537 1751 honorificis
562 1685 656 1750 modo
681 1685 768 1750 laeta
792 1685 945 1768 decretis,
972 1685 1054 1750 olim
1079 1684 1166 1750 solli·

149 1776 222 1840 citis
241 1778 368 1839 maesta
386 1774 611 1858 querimoniis3
633 1795 701 1838 non
718 1773 893 1859 publicum,
916 1774 951 1838 in
971 1795 1037 1857 quo
1054 1795 1165 1839 occur·

150 1885 204 1928 aus
233 1863 444 1948 gaudentium
472 1863 687 1947 plurimorum
714 1864 875 1927 neminem
903 1863 1029 1946 patitur
1056 1863 1165 1928 solum

114 1952 320 2036 agratulari3
344 1973 412 2016 non
431 1950 546 2015 domus
566 1972 737 2016 commune
757 1956 925 2016 secretum.
956 1951 1062 2015 lectus
1086 1951 1165 2037 ipse,

150 2038 191 2105 ad
220 2040 362 2124 quietem
395 2040 504 2117 datus,
536 2040 766 2105 beneficiorum
798 2045 929 2104 tuorum
957 2042 1197 2123 reputationem

148 2129 365 2211 tranquillior.
402 2148 547 2208 somnus,
570 2128 710 2193 abolitor
729 2129 886 2210 omnium,
908 2128 1072 2214 imagines
1092 2133 1164 2193 tuas

150 2216 253 2281 offert.
284 2216 349 2280 ista
367 2221 476 2279 autem
495 2218 586 2281 aedes
607 2217 750 2298 honoris,
771 2218 851 2282 sella
870 2217 1001 2300 curulis,
1020 2217 1165 2302 gloriosa

148 2304 279 2389 pompis
302 2304 483 2387 imperialis
507 2306 618 2390 officii,
641 2305 674 2370 in
698 2306 787 2371 cuius
812 2328 863 2370 ma
885 2305 1021 2390 fastigio
1043 2328 1084 2371 ox
1102 2326 1164 2390 qua

150 2393 372 2459 mediocritate
395 2395 547 2479 posuisti,
570 2395 720 2478 quotiens
740 2416 760 2458 a
778 2417 829 2459 ma
848 2394 1029 2478 cogitatur,
1051 2394 1164 2459 uincor

149 2481 372 2568 magnitudine
405 2488 438 2546 et
465 2482 596 2565 redigor
627 2482 668 2547 ad
696 2483 876 2564 silentium,
907 2504 975 2547 nou
1009 2488 1196 2548 oneratura

94 2570 328 2676 {beneficiis
360 2571 416 2636 sed
449 2592 631 2655 oppressus.
679 2571 754 2636 ades
782 2572 868 2636 enim
896 2572 976 2636 locis
1005 2572 1165 2654 omnibus,

148 2681 208 2725 nec
229 2661 295 2726 iam
319 2660 476 2724 miramur
498 2659 663 2724 licentiam
688 2665 870 2743 poetarum,
894 2661 949 2744 qui
970 2661 1083 2726 omnia
1107 2660 1164 2724 deo

149 2750 247 2833 plena
278 2748 435 2813 dixerunt
482 2769 572 2831 spem
606 2769 752 2831 superas,
789 2748 948 2832 cupienda
981 2748 1164 2834 praeuenis,

149 2841 228 2901 uota
251 2838 446 2920 praecurris:
475 2858 620 2920 quaeque
649 2838 750 2901 animi
778 2838 884 2902 nostri
907 2838 1059 2902 celeritas
1083 2836 1164 2902 diui-

148 2978 363 2987 κη..-

220 3050 254 3099 37
273 3043 378 3114 Vergil.
398 3046 420 3100 E
440 3044 480 3098 Ill
500 3053 534 3102 60
552 3045 626 3102 Iouis
645 3046 741 3101 omnia
758 3045 843 3117 plena

221 3228 253 3277 15
273 3226 354 3294 grate
376 3222 444 3277 Tell.
520 3229 552 3277 18
571 3221 703 3279 inertiam
721 3225 787 3280 Md
811 3224 914 3279 inertia
936 3224 962 3278 T
1034 3230 1068 3280 12
1087 3225 1162 3296 igna-

148 3292 212 3348 uiae
232 3295 258 3349 Τ
328 3300 364 3349 20
389 3293 481 3364 agitet
503 3297 532 3346 et
554 3294 710 3350 inflammet
727 3309 750 3365 ψ
769 3297 921 3351 Accusatus
949 3296 979 3350 et
997 3311 1050 3352 om.
1070 3296 1098 3350 Ζ

544 3367 563 3406 u

148 3422 184 3471 20
202 3418 242 3472 mi
260 3420 295 3486 p⁵r
316 3418 341 3472 Τ
411 3424 445 3473 23
464 3417 592 3488 preatiati
612 3419 637 3473 Τ
707 3426 742 3474 24
760 3421 844 3490 plene
863 3420 900 3472 M
916 3422 921 3489 Ι
946 3420 1024 3475 uotis
1044 3420 1071 3474 T
1091 3420 1162 3476 uotis

148 3488 222 3544 uotis
243 3489 279 3542 Μ
284 3489 310 3544 G
335 3489 409 3544 uotis
428 3490 557 3558 uotisque
582 3490 709 3560 Vpoletua
732 3491 796 3546 otiis
816 3492 945 3559 uotisque
965 3491 1076 3562 Haupt.
1130 3497 1161 3544 26

149 3558 306 3615 solicitisl'
357 3565 390 3615 27
410 3564 519 3615 moesta
532 3561 585 3616 Te
639 3565 673 3614 28
687 3563 862 3633 gaudentum
874 3563 900 3617 Τ
952 3568 988 3618 22
1002 3560 1165 3618 comunell

150 3631 154 3702 Ι
175 3631 267 3685 lentus
288 3631 314 3684 T
385 3637 418 3685 32
439 3631 521 3686 offert
540 3631 602 3687 Toll
626 3631 708 3688 affert
726 3635 754 3687 Z
772 3637 777 3702 Ι
800 3634 869 3706 ista]
888 3634 951 3704 ipsa
968 3634 1103 3690 Accurrit
1119 3648 1161 3689 ee·

148 3702 252 3773 emptor
269 3708 349 3757 cerm
402 3707 436 3756 3⁶
455 3701 650 3771 magnitudine
669 3705 699 3758 et
716 3705 841 3777 redigor]
861 3707 891 3760 et
908 3721 960 3760 om.
974 3705 1107 3777 δακὼν
1122 3702 1162 3758 rei

147 3774 192 3828 uel
210 3773 340 3827 fortunae
364 3773 560 3842 magnitudine
578 3774 712 3831 Heiaaiua
741 3780 745 3844 Ι
775 3776 907 3832 oneratus
926 3775 1046 3833 Schenkl
1074 3777 1081 3788 '
1152 3804 1162 3814 ·

147 3845 194 3898 tus
214 3844 241 3897 Z
264 3843 429 3915 ingrauatus
448 3845 547 3916 Peiper
565 3845 729 3903 Dereimerr'a
800 3854 835 3903 3⁷
854 3845 1002 3903 licentiam
1021 3864 1072 3904 our.

148 3920 183 3970 82
202 3917 272 3970 nota
290 3916 328 3970 Μ
342 3920 347 3986 Ι
370 3915 496 3971 diuinum
516 3935 537 3969 ω
561 3915 651 3972 diuini
668 3918 747 3974 Balce
764 3918 865 3990 Haupt
