2430 4274
476 539 717 604 -105-

84 698 251 777 Quattuor
273 697 331 763 illa
353 697 452 763 etiam
476 697 624 763 discretis
650 655 798 783 partibus
821 700 899 765 anni

130 785 282 853 Solstitia
305 790 338 851 et
360 786 449 852 luces
471 790 567 853 nocte
591 786 705 871 dieque
728 809 832 872 pares.

82 876 157 944 Nec
180 875 391 961 Regifugium
414 876 518 959 pulsis
542 897 580 940 er
603 875 683 940 urbe
706 876 854 960 tyrannis

130 964 272 1031 Laetum
295 963 453 1029 Romanis
475 964 526 1029 fas
549 964 684 1029 reticere
707 963 800 1030 diem.

83 1053 190 1120 Visne
214 1049 294 1137 Opis
318 1055 393 1117 ante
417 1074 546 1118 sacrum
567 1052 621 1117 uel
645 1050 834 1118 Saturnalia
856 1053 961 1117 dicam
1070 1068 1103 1119 13

131 1141 293 1226 Vestaque
317 1161 498 1226 seruorum,
522 1161 595 1206 cum
618 1141 820 1207 famulantur
843 1140 912 1206 eri?

85 1230 133 1298 Et
155 1252 333 1314 numquam
356 1229 455 1295 certis
477 1229 646 1295 redeuntia
669 1230 756 1296 festa
778 1230 903 1312 diebus,

132 1316 286 1403 Compita
307 1339 365 1403 per
387 1318 478 1384 uicos
502 1340 576 1383 cum
600 1341 660 1384 sua
682 1319 816 1403 quisque
840 1317 943 1384 colit?

85 1409 158 1474 Aut
180 1407 340 1491 duplicem
364 1408 501 1491 cultum,
525 1428 619 1492 quem
642 1405 842 1492 Neptunalia
865 1407 990 1493 dicunt,

130 1496 178 1561 Et
201 1518 297 1581 quem
319 1495 358 1560 de
381 1494 488 1561 Conso
513 1495 720 1582 consiliisque
743 1495 885 1562 uocant?
1068 1512 1103 1562 20

84 1584 187 1650 Festa
208 1585 302 1669 haec,
325 1585 466 1670 nauigiis
489 1588 546 1650 aut
569 1606 651 1669 quae
675 1585 838 1651 celebrata
860 1583 1027 1669 quadrigis

131 1673 278 1758 Iungunt
301 1671 467 1738 Romanos
490 1672 709 1757 finitimosque
733 1674 837 1738 duces.

84 1763 238 1827 Adiciam
261 1762 366 1827 cultus
388 1761 624 1846 peregrinaque
648 1783 742 1827 sacra
764 1762 912 1846 deornm,

131 1850 288 1916 Natalem
310 1848 506 1916 Herculeum
530 1849 583 1914 uel
606 1850 687 1915 ratis
711 1849 850 1933 isiacae,

85 1938 158 2005 Nec
180 1959 247 2003 non
269 1939 385 2004 lasciui
407 1937 551 2003 Floralia
573 1937 661 2004 lecta
683 1938 818 2023 theatri,
1066 1954 1101 2005 25

132 2026 222 2103 Quae
246 2032 393 2112 spectare
414 2026 542 2110 uolunt,
567 2027 623 2113 qui
646 2027 790 2093 uoluisse
813 2030 943 2113 negant.

85 2114 183 2181 Nunc
207 2114 306 2181 etiam
329 2119 455 2180 ueteres
480 2115 685 2183 celebrantur
707 2114 861 2201 Equirria
883 2115 964 2181 ludi:

131 2204 243 2269 Prima
265 2203 535 2275 haec.Romanus
558 2206 692 2269 nomina
715 2206 817 2271 circus
840 2205 949 2271 habet

85 2292 131 2359 Et
155 2291 369 2377 Dionysiacos
392 2292 486 2359 Latio
511 2294 702 2378 cognomine
724 2293 817 2359 ludos

131 2381 240 2447 Roma
262 2382 352 2465 colit,
375 2381 472 2446 Liber
496 2403 578 2466 quae
601 2382 664 2447 sibi
687 2386 766 2447 uota
789 2381 885 2447 dicat
1068 2398 1102 2446 30

87 2470 220 2535 Aediles
245 2471 344 2535 etiam
366 2470 454 2554 plebi
478 2470 662 2554 aedilesque
685 2471 811 2534 curules

133 2558 233 2624 Sacra
257 2556 446 2644 Sigillorum
469 2559 601 2624 nomino
625 2559 712 2624 dicta
735 2558 856 2623 colunt.

86 2648 133 2712 Et
156 2647 356 2737 gladiatores
379 2647 529 2711 funebria
550 2648 676 2730 proelia
698 2650 813 2711 notum

132 2740 322 2801 Decertasse
345 2735 430 2801 foro:
454 2757 540 2801 nunc
564 2737 628 2800 sibi
652 2736 774 2801 harena
797 2756 872 2800 suos

86 2823 244 2890 Vindicat
269 2829 413 2890 extremo
435 2826 491 2909 qui
513 2825 579 2889 iam
603 2825 663 2890 sub
687 2825 750 2889 fine
773 2822 964 2889 Decembris
1068 2839 1102 2888 33

131 2912 337 2999 Falcigerum
359 2915 493 2997 placant
515 2914 671 2999 sanguine
695 2912 903 2998 caeligenam.

162 3146 194 3194 11
214 3141 336 3209 quatuor
355 3140 399 3210 7Ι
415 3140 495 3195 annis
518 3140 545 3195 V
559 3156 628 3197 corr.
643 3140 775 3210 Lupduu.
851 3146 883 3195 15
902 3156 969 3210 opes
991 3139 1018 3192 V
1033 3154 1102 3195 corr.

87 3210 213 3282 sauoye
230 3214 293 3278 3,3
357 3212 470 3266 lehari
491 3210 518 3265 V
578 3217 612 3266 13
631 3211 792 3281 dupplicem
816 3210 843 3263 V
908 3217 943 3265 24
962 3210 1102 3265 erculeum

92 3281 151 3350 V¹l
173 3282 244 3336 ratis
263 3281 356 3337 siaoae
380 3282 407 3337 V
422 3298 492 3337 corr.
510 3281 641 3352 Lupduu.
715 3289 749 3337 25
767 3281 853 3337 teatri
877 3281 913 3335 7ι
985 3286 1020 3336 33
1038 3282 1104 3336 abet
1189 3338 1197 3351 ,

91 3353 128 3407 71
186 3358 220 3407 33
239 3352 407 3408 dionisiacoe
431 3353 459 3408 V
510 3358 544 3407 30
563 3353 635 3408 liner
658 3353 694 3407 V¹
711 3359 714 3417 Ι
731 3353 785 3407 tibi
803 3353 919 3408 Scaeam
937 3369 997 3407 cum
1016 3352 1103 3407 Hein-

84 3426 129 3479 sio
198 3429 232 3478 31
252 3423 351 3478 aedilis
373 3423 416 3492 71
432 3423 510 3494 pleui
534 3424 569 3476 V¹
638 3430 672 3479 32
692 3424 753 3479 dita
776 3424 803 3478 V
862 3429 896 3478 33
915 3422 1006 3498 prelia
1025 3426 1052 3497 (q
1071 3440 1105 3478 a

86 3495 172 3563 eal.)
199 3494 224 3548 V
276 3501 311 3550 31
329 3511 415 3550 arena
439 3494 475 3547 V¹
529 3501 563 3550 36
583 3495 746 3566 sanguinem
772 3494 807 3547 V¹
826 3496 865 3564 (m
884 3497 970 3565 antiq.
989 3513 1024 3550 m.
1042 3495 1104 3563 del.)
