2430 4274
547 526 766 593 ..10-

31 730 33 734 ,
149 673 293 739 Tricoeei
316 672 405 738 sidus
429 674 496 736 stet
517 668 659 735 nominis
682 671 716 732 et
738 666 791 733 oui
813 666 930 753 pingui

95 768 102 780 ’
149 767 220 827 ture
244 760 447 847 Epidaureue
468 759 599 823 fument
622 757 742 823 alteris
764 755 859 822 sedis.

149 851 183 915 in
208 848 313 937 Styge
335 848 478 915 decursis
500 867 671 933 percarum
695 846 735 912 eh
760 845 885 931 origine
906 845 1021 933 fusis·

151 945 309 1005 merserat
331 936 547 1023 Hippolytum
571 957 641 1001 sors
664 933 781 1000 ultime
802 934 934 1019 iamque
956 956 1019 1021 per
1040 934 1129 1001 imcs'

79 1047 132 1096 210
152 1026 266 1113 Cocyti
288 1026 439 1093 tenebras
463 1028 496 1090 et
519 1028 636 1110 stagna
657 1023 826 1111 nigrantia
846 1023 936 1088 Ditis

151 1117 292 1202 portitor
313 1115 368 1179 ille
392 1112 522 1180 Charon
545 1111 704 1178 Thesidae
726 1111 795 1177 fetu
816 1111 968 1178 uehebst.

151 1205 205 1270 hic
227 1202 382 1269 immaturi
405 1202 461 1268 sed
484 1201 570 1266 enim
594 1202 765 1266 miseratus
788 1201 942 1265 acerbum

152 1294 210 1358 leti
233 1292 426 1376 supplicium
449 1289 660 1374 Neptunique
684 1300 798 1374 aspere
820 1289 909 1354 iussu

153 1381 292 1466 algentis
316 1383 407 1444 artus
430 1378 538 1445 Erebo
561 1378 675 1463 procul
698 1378 814 1443 intimo
838 1378 986 1463 abusque

82 1487 133 1536 215
153 1469 289 1533 suscitet
312 1468 416 1553 adque
439 1468 568 1533 snimue
591 1488 719 1532 rursum
742 1466 906 1552 tepefacta
928 1468 1040 1534 colore

151 1556 276 1622 uiscera
299 1555 478 1622 mundanos
502 1560 636 1621 reuocet
657 1555 834 1621 medicator
855 1555 891 1620 in
914 1577 998 1622 ores.

152 1667 219 1710 non
242 1646 319 1710 tulit
343 1645 545 1730 omnipotens
570 1647 643 1710 ortu
667 1644 817 1728 cuiquem
839 1649 995 1730 generato

152 1733 370 1800 Deucalioneo
393 1732 444 1799 fes
468 1753 539 1799 esse
561 1732 740 1798 nouissima
760 1732 833 1797 fetu

152 1822 282 1888 uincere
306 1828 339 1888 et
360 1823 522 1888 incussum
547 1822 714 1888 decurrere
736 1841 838 1906 pense
861 1842 1010 1888 summm

82 1928 134 1978 220
153 1931 291 1997 moxque
313 1911 448 1976 trisulca
471 1911 547 1994 polo
571 1910 730 1976 iaculatus
753 1909 890 1976 fulmins
912 1911 999 1976 celso

154 2003 186 2063 et
210 2020 306 2083 super
329 1999 433 2063 aeriae
457 2000 591 2065 uibrans
613 1998 761 2064 incendia
783 1999 933 2064 flammae

152 2092 257 2152 morte
280 2093 477 2173 repertorem
501 2088 679 2153 medicinae
702 2087 833 2153 audacis
855 2089 891 2152 in
914 2088 1050 2154 umbros

153 2175 263 2261 deicit,
288 2180 322 2241 at
345 2180 446 2260 gnato
469 2198 623 2260 reparans
648 2177 769 2242 solacia
791 2175 922 2242 Phoebo

52 2346 60 2356 ·
154 2286 332 2350 asperaque
357 2265 490 2330 extincti
513 2266 686 2330 miseratus
709 2266 780 2330 fetu
801 2265 932 2350 nepotis

82 2372 135 2420 225
155 2375 285 2440 surgere
309 2357 470 2420 nocturno
493 2354 584 2418 iubet
606 2355 693 2418 inter
716 2354 821 2419 sidere
844 2359 945 2420 motu.

153 2442 206 2507 hic
230 2462 308 2529 ergo
331 2443 471 2527 insignis
496 2442 612 2507 ardens
635 2463 735 2508 uenas
760 2441 956 2528 ophiuchos,

153 2530 206 2597 hic
229 2532 351 2616 rigidos
377 2535 466 2596 artus
490 2531 614 2597 formae
639 2532 879 2616 anguitenentis
903 2531 1028 2597 honore

153 2620 285 2704 arduus,
308 2619 361 2684 hio
384 2623 495 2685 tantos
518 2621 638 2684 umeris
662 2620 866 2685 uibrantibus
890 2620 985 2706 ignes

153 2710 288 2792 euomit,
311 2712 361 2792 ut,
383 2709 479 2792 pleno
504 2730 576 2773 eum
599 2708 678 2773 lunu
701 2709 833 2774 nitescit
855 2709 890 2772 in
915 2710 996 2775 orbe

81 2814 133 2862 230
152 2801 380 2880 menstrueque
404 2797 531 2883 ingenti
553 2798 618 2862 iem
641 2802 791 2883 tempora
814 2797 930 2862 diuidit
954 2802 1044 2882 ortu,

152 2906 357 2969 nequequam
379 2884 477 2950 lentis
501 2886 669 2951 obscurior
692 2908 730 2952 ex
754 2886 873 2951 umeris
897 2885 955 2950 lux

152 2978 303 3038 marceat.
349 2976 384 3036 st
407 2974 558 3038 menibus
581 2996 647 3040 non
671 2996 793 3060 conpar
814 2974 946 3039 flemme
969 2976 1124 3054 rubescit,

151 3080 227 3125 nem
252 3061 374 3125 suffusa
396 3062 460 3126 leui
484 3064 691 3148 resplendent
714 3064 829 3128 ultima
852 3063 937 3148 lnce,

151 3206 322 3213 ——..—-.-...
335 3206 364 3212 ..-

222 3296 274 3345 206
290 3291 334 3346 oui
354 3290 391 3346 Vc
405 3306 457 3345 eeu
470 3291 498 3343 A
541 3295 593 3345 208
612 3290 641 3344 in
656 3291 744 3374 Styge
757 3290 786 3346 A
800 3290 832 3344 In
846 3290 933 3371 stripe
948 3290 976 3345 V
1009 3285 1163 3359 e1ococyti

151 3360 274 3415 eCociti
298 3361 324 3415 V
341 3361 454 3430 Ooccyti
473 3363 499 3415 A
555 3367 605 3415 211
622 3364 743 3432 portrtor
760 3363 806 3417 Ae
824 3361 949 3416 Portrter
974 3362 1002 3415 V
1049 3367 1102 3416 21³
1120 3356 1163 3414 leti

158 3429 183 3481 V
203 3431 273 3485 loeti
291 3434 319 3486 A
395 3437 447 3487 223
471 3431 558 3487 deicit
580 3434 688 3487 correct
707 3433 810 3487 Deiicit
828 3434 856 3486 A
875 3431 989 3488 Deiecit
1013 3433 1040 3486 V
1056 3432 1164 3488 Deiecto

150 3519 164 3554 e
186 3504 196 3569 t
218 3504 249 3556 ct
270 3505 357 3570 gnato
377 3504 479 3573 scripsi
496 3506 600 3574 agnato
624 3503 694 3557 VAe
712 3520 745 3558 ec
764 3506 851 3574 gnato
869 3521 885 3559 e
905 3520 938 3558 sc
956 3504 1039 3575 gnati
1058 3504 1164 3559 Grotius

150 3573 186 3653 ,⁶f·
201 3571 315 3655 Hermes
335 3573 388 3626 XI
399 3591 429 3642 p.
450 3579 506 3629 249
525 3592 552 3628 o.
568 3580 586 3629 7
638 3579 690 3628 228
709 3574 885 3656 uibrantihue
905 3573 946 3657 Vc
963 3575 1104 3630 uibrantis
1120 3575 1146 3629 A
1156 3574 1164 3585 ''

149 3642 331 3767 titichi?
351 3644 704 3786 tttfflhttttttztt
728 3649 934 3787 cithii?
949 3645 1164 3787 ”diffluit

150 3781 217 3836 dent
242 3782 267 3834 V
283 3784 456 3852 respondent
473 3786 500 3838 A
520 3787 698 3857 resplendeat
715 3805 729 3842 e
