2430 4274
535 559 572 572 -
621 524 779 590 410-

145 687 305 753 Etrrabam
328 685 430 770 riguis
455 705 512 768 per
535 683 680 768 quadrua
702 683 849 767 compita
871 682 907 747 in
930 682 1038 749 hortis
1147 698 1161 748 t

189 774 319 841 Maturo
343 773 476 856 cupiens
501 793 552 836 me
577 775 729 857 uegetare
753 771 814 837 die.

145 864 223 929 Vidi
246 866 413 929 concretas
436 882 495 945 per
517 860 668 946 gramina
690 861 774 926 flexa
795 860 931 946 pruinas

191 952 335 1018 Pendere
359 953 415 1016 aut
439 950 585 1014 holerum
610 953 696 1014 stare
720 947 958 1032 cacuminibus,

147 1039 304 1108 Cautibus
328 1042 360 1105 et
383 1041 502 1104 teretes
526 1037 647 1122 patulis
671 1036 843 1103 conludere
866 1040 981 1123 guttas

147 1218 225 1282 Vidi
247 1216 409 1281 Paestano
433 1214 574 1300 gaudere
595 1213 723 1280 rosaria
746 1213 835 1280 cultu

191 1305 368 1371 Exoriente
390 1325 477 1369 noue
501 1302 627 1368 roscida
650 1302 793 1368 lucifero.

147 1393 235 1459 Rara
257 1392 421 1477 pruinosis
445 1392 582 1457 canebat
605 1412 735 1478 gemma
757 1390 908 1456 frutectis

191 1480 244 1546 Ad
266 1480 365 1566 primi
387 1479 494 1546 radios
518 1480 691 1546 interitura
714 1480 774 1545 die.

147 1569 354 1655 Ambigeres,
377 1571 546 1653 raperetne
569 1569 652 1635 rosis
676 1568 804 1634 Aurora
826 1568 979 1634 ruborem
1126 1581 1150 1629 re

192 1659 244 1724 An
268 1658 360 1723 daret
383 1661 415 1722 et
437 1658 532 1723 flores
556 1658 721 1743 tingueret
745 1661 817 1723 orta
840 1657 917 1722 dies.

147 1746 214 1812 Itos
238 1769 336 1831 unus,
361 1747 448 1812 color
470 1767 553 1810 nnus
576 1750 609 1810 et
632 1768 731 1811 unum
755 1767 849 1810 mane
873 1744 1025 1829 duornm3

193 1834 314 1902 Sideris
339 1839 372 1900 et
393 1835 481 1900 floris
505 1856 581 1899 nam
605 1834 737 1900 domina
759 1856 825 1899 una
848 1833 971 1900 Venus.

147 1922 272 1988 Forsan
296 1927 329 1987 et
350 1944 433 1987 unus
458 1922 549 1988 odor:
574 1923 629 1987 sed
653 1922 770 1988 celsior
793 1923 849 1987 ille
873 1944 931 2006 per
955 1944 1053 1987 auras

193 2012 336 2076 Diffluit:
361 2012 489 2094 expirat
511 2011 678 2094 proximus
702 2012 763 2076 iste
788 2011 902 2096 magis.

148 2098 336 2165 Communis
358 2098 483 2182 Paphie
506 2099 567 2164 dea
590 2099 704 2164 sideris
729 2103 763 2164 et
785 2100 845 2165 dea
866 2100 957 2164 floris

188 2187 355 2272 Praecipit
377 2187 473 2253 unius
496 2187 629 2253 muricis
653 2210 724 2253 esse
746 2188 906 2253 habiturn.

118 2252 125 2363 i
146 2275 349 2341 Momentum
371 2275 543 2359 intererat,
566 2298 630 2360 quo
654 2298 689 2341 se
711 2278 878 2342 nascentia
901 2277 1020 2342 florum

192 2363 347 2430 Germina
369 2364 566 2449 conparibus
589 2364 769 2430 diuiderent
791 2365 916 2448 spatiis.

146 2452 236 2519 Haec
259 2453 345 2518 niret
369 2456 507 2538 angusto
529 2453 681 2517 foliorum
704 2458 792 2519 tecta
814 2454 941 2538 galero,

192 2541 286 2607 Hanc
307 2543 398 2607 tenui
420 2541 501 2608 folio
524 2564 669 2626 purpura
692 2542 791 2607 rubra
813 2546 914 2607 notat.

147 2630 237 2696 Haec
261 2631 365 2715 aperit
388 2631 484 2714 primi
506 2629 641 2714 fastigia
665 2631 751 2695 celsa
774 2631 907 2696 obelisci

191 2718 380 2785 Macronem
404 2719 577 2784 absoluens
601 2719 755 2803 purpurei
778 2720 902 2804 eapitis.

146 2806 280 2871 Vertice
304 2808 456 2873 collectos
479 2807 537 2872 illa
559 2807 752 2873 exsinuabat
775 2809 926 2890 amictus,

218 2965 384 3030 tcompeta
400 2962 481 3030 AB!
501 2963 637 3018 herbisB
692 2962 854 3034 ssnegitarc
868 2963 896 3019 B
951 2965 1057 3019 tanto
1076 2963 1152 3019 larum

145 3032 174 3087 A
247 3039 262 3086 9
286 3031 391 3102 patulis
413 3037 517 3090 teretes
536 3035 564 3089 B
637 3040 670 3090 10
692 3036 765 3091 deest
781 3035 858 3101 AB,
883 3041 1002 3091 recentes
1026 3036 1094 3091 libri
1114 3037 1154 3090 aad

146 3103 184 3157 Et
210 3102 341 3159 caelestia
368 3120 459 3173 aquae
486 3105 611 3174 pondere
639 3107 705 3160 tnnc
733 3105 864 3176 grauidas
893 3107 945 3172 (sic
968 3122 1022 3161 reo.
1046 3124 1081 3161 m.
1101 3103 1153 3161 nit

146 3190 232 3246 murp.
251 3175 292 3243 B)
314 3180 364 3229 out
389 3175 453 3230 Nox
475 3178 587 3230 moneta
610 3175 659 3231 diu
683 3176 789 3232 fecerat
810 3176 882 3231 illud
904 3177 981 3232 idam
1005 3181 1050 3245 (ct
1071 3176 1155 3232 Pare.

147 3250 221 3301 7936
235 3262 256 3303 c.
269 3245 371 3314 XIII)
389 3253 438 3300 out
457 3247 572 3315 dmique
588 3252 733 3318 utmmquc
749 3251 783 3313 (e.
796 3264 822 3317 p.
833 3248 1075 3315 Hetmetodienaa'a‚
1092 3247 1153 3302 Vsa

146 3321 184 3370 96
202 3322 226 3371 ct
245 3321 302 3372 849
319 3333 340 3373 c.
361 3316 429 3384 XV)
504 3323 536 3371 15
561 3334 629 3372 aura
647 3318 709 3373 AB
734 3317 1154 3387 (tuncanuaurarec.as.1u

146 3403 247 3441 aurora
265 3387 432 3444 Metticencrc
449 3405 470 3445 s.
492 3388 563 3442 XI?
586 3387 734 3444 Hennaeus
752 3406 773 3444 s.
793 3389 845 3444 XI
846 3389 862 3442 ‚⁹
937 3395 969 3443 17
988 3389 1154 3444 rosumusA

182 3462 217 3511 20
237 3456 314 3511 diffie
334 3462 429 3531 (marp.
448 3475 553 3515 m.·rec.
573 3460 592 3513 l’
612 3459 747 3528 difflatur)
766 3461 795 3515 B
822 3459 900 3514 diiflo
919 3461 945 3513 A
966 3461 1009 3529 (et
1025 3476 1079 3515 om.
1093 3458 1154 3524 Alo

148 3527 252 3582 diffluit
270 3530 300 3583 et
317 3531 362 3584 uel
381 3530 479 3585 defluit
497 3532 527 3584 et
543 3532 660 3598 nouitii,
679 3530 783 3585 diffluit
801 3530 925 3600 exspirat
939 3530 1010 3585 Tou.
1067 3538 1100 3585 21
1115 3546 1154 3600 pa·

147 3598 313 3668 phiaeAB¹
368 3601 814 3669 aequomsnc.1naeoenaan
870 3608 905 3655 24
922 3596 1153 3674 conparibusJA?

149 3669 152 3740 t
178 3669 274 3738 spadis
292 3669 321 3724 A
392 3676 426 3725 26
446 3672 580 3727 hactenus
599 3672 629 3726 in
652 3671 775 3738 (l'tenuis
793 3689 845 3727 rec.
863 3675 896 3727 in
913 3676 1014 3744 oaorp.)
1033 3674 1063 3727 B
1088 3675 1153 3727 acte·

146 3757 198 3794 nus
217 3740 247 3793 et
264 3740 293 3795 A
320 3740 394 3794 hanc
412 3747 437 3795 et
455 3743 533 3796 tenni
551 3744 654 3798 novitii
726 3749 760 3798 2⁷
780 3743 864 3814 primi
881 3743 924 3797 B·
951 3743 1044 3812 prima
1062 3744 1123 3799 AB

147 3816 182 3866 28
205 3809 359 3866 absoluaris
378 3812 407 3867 A
431 3813 435 3882 Ι
467 3813 575 3883 cupidis
594 3814 622 3867 A
693 3820 729 3870 29
752 3815 894 3870 uerticeco
915 3813 1007 3870 lectos
1025 3816 1054 3870 A
1085 3817 1091 3883 Ι
1117 3829 1154 3869 ex·

148 3881 277 3937 s¹nuabat
293 3883 322 3938 A
350 3883 501 3939 exinnabat
518 3885 546 3938 B
