2430 4274
348 17 1178 307 k*-

506 491 657 612 -·228
703 581 745 592 -

114 706 185 772 Aut
206 704 335 772 Eborae
358 706 480 771 mixtus
503 705 620 791 pelago
644 726 727 790 quae
749 706 895 792 protegit
917 708 1038 793 amnis,

114 794 161 862 Vt
184 795 287 862 multo
310 795 438 860 iaceant
461 794 611 878 algarum
634 794 776 860 obducta
797 816 940 860 recessu:

114 883 242 968 Aspera
264 905 347 969 quae
369 882 465 949 testis
489 887 522 947 et
545 882 666 967 dulcia,
687 883 784 948 farris
808 885 917 968 opimi

115 971 200 1038 Sunt
223 976 256 1038 et
279 972 462 1038 Aremorici
484 972 541 1056 qni
563 971 698 1037 laudent
721 976 830 1037 ostrea
852 972 961 1057 ponti,
1099 993 1134 1042 se

114 1059 160 1127 Et
182 1083 264 1146 quae
287 1060 446 1127 Pictonici
468 1061 550 1146 legit
573 1061 686 1127 sesols
707 1060 829 1145 litoris,
852 1064 885 1126 et
908 1084 989 1143 quae

11 1160 14 1165 '
114 1149 200 1215 Mira
222 1148 407 1217 Caledoniis
430 1171 677 1235 nonnumquam
701 1148 826 1235 detegit
848 1155 967 1219 aestus.

114 1238 297 1324 Accedunt,
320 1259 402 1324 quae
424 1238 513 1303 fama
536 1259 648 1304 reeens
671 1236 832 1323 Byzantia
855 1239 968 1304 subter

50 1346 53 1351 ·
113 1325 228 1393 Litora
251 1332 284 1393 et
305 1327 421 1392 insana
445 1331 600 1413 generata
623 1325 830 1412 Propontidis
854 1331 927 1394 acta

113 1415 261 1481 Promoti
285 1415 448 1481 celebrata
471 1414 561 1481 dueis
585 1414 623 1480 de
646 1417 778 1481 nomine
801 1414 922 1482 laudat.
1098 1434 1134 1486 4ο

114 1503 204 1570 Haeo
226 1503 289 1569 tibi
311 1524 379 1569 non
401 1507 507 1589 uates,
529 1525 595 1569 non
617 1503 794 1570 historicus
817 1526 922 1589 neque
944 1509 1015 1571 toto

115 1592 204 1659 Orbe
227 1613 332 1678 uagus
355 1591 495 1658 eonniua
517 1593 647 1678 loquor,
670 1597 720 1658 set
742 1592 865 1659 tradita
887 1595 1014 1660 multis:

113 1680 161 1748 Vt
183 1681 330 1766 solitum,
354 1683 504 1766 quotiens
528 1681 658 1747 dextrae
680 1682 833 1747 inuitatio
856 1704 987 1748 mensae

114 1769 279 1836 Sollicitat
301 1772 408 1836 lenem
431 1771 516 1837 oomi
539 1792 687 1836 sermone
709 1770 862 1855 Lyaeum.

114 1858 205 1925 Haeo
226 1881 292 1926 non
315 1881 374 1944 per
394 1860 529 1945 uulgum
549 1859 630 1924 mihi
648 1861 781 1946 cognita
798 1881 919 1944 perque
938 1860 1079 1945 popinas
1097 1876 1133 1927 45

113 1947 183 2013 Aut
205 1948 425 2032 parasitorum
448 1948 588 2033 collegia
610 1947 850 2031 Plautinorum,

115 2032 172 2101 Set
195 2035 297 2102 festos
322 2036 398 2121 quia
422 2058 518 2120 saepe
542 2036 611 2100 dies
634 2036 757 2119 partim
780 2037 849 2122 ipse
873 2057 1021 2102 meorum

114 2123 252 2190 Excolui
274 2125 374 2211 inque
397 2125 502 2190 uicem
526 2125 664 2190 conuiua
687 2127 822 2191 uocatus
846 2125 949 2210 adini,

114 2210 244 2278 Natalis
271 2214 299 2278 si
320 2213 404 2278 forte
428 2213 490 2278 fuit
514 2213 680 2278 sollemnis
704 2215 809 2279 amieo

115 2298 318 2387 coniugioue
341 2302 441 2386 dapes
464 2306 521 2367 aut
544 2323 636 2367 saera
658 2302 785 2386 repotia
807 2306 952 2387 patrum,
1099 2320 1134 2370 oo

115 2390 237 2458 Audiui
259 2392 456 2477 meminique
478 2391 582 2456 bonos
607 2390 740 2456 laudare
763 2391 958 2475 frequentes.

60 2620 94 2661 vl
112 2620 162 2670 [sss
169 2620 244 2672 spx]
404 2600 595 2658 INVITATIO
615 2600 665 2656 ΔΙ)
685 2598 845 2655 PAVLVM.

115 2743 149 2811 Si
174 2769 239 2832 qus
260 2746 340 2811 fides
364 2746 456 2812 falsis
479 2768 634 2831 umquam
658 2749 709 2810 est
730 2745 914 2810 adhibenda
935 2748 1043 2830 poetis

158 2832 228 2899 Neo
251 2834 378 2918 plasma
402 2855 529 2919 semper
552 2834 713 2918 adimunt,

186 3085 221 3133 82
240 3079 325 3152 ebore
346 3079 372 3151 (e
391 3079 423 3132 in
441 3095 456 3133 e
475 3079 555 3147 corr.)
575 3078 602 3133 V
618 3095 687 3136 corr.
712 3079 826 3135 Visetur
844 3078 967 3134 Ebornm
986 3079 1113 3153 Seaiiper

113 3160 171 3258 {aa
191 3183 220 3240 V
234 3201 303 3268 corr.
321 3185 370 3241 La
388 3186 454 3241 dun.
527 3191 562 3240 34
582 3186 622 3257 et]
642 3185 692 3241 sed
710 3185 846 3241 Heinsius
861 3187 866 3255 Ι
882 3185 975 3270 opime
997 3185 1026 3242 V
1044 3187 1136 3258 opimi

113 3257 225 3326 Peiper,
246 3273 339 3327 oprma
379 3258 472 3314 osmi
543 3263 577 3312 37
597 3257 759 3330 caledonius
784 3257 810 3310 V
825 3272 894 3312 corr.
916 3257 1017 3328 Perper
1042 3261 1048 3325 Ι
1072 3261 1136 3314 aest

113 3332 157 3400 (us
178 3328 310 3396 masida)
332 3328 359 3383 V
428 3333 463 3383 88
480 3327 606 3383 uirentia
624 3331 654 3398 (u
672 3329 704 3382 in
721 3328 740 3383 b
759 3329 806 3395 al.)
829 3327 856 3381 V
925 3334 959 3383 38
985 3331 1015 3384 et
1033 3328 1137 3386 insana

113 3401 246 3472 Ιηιράιιη.
265 3399 365 3454 insana
384 3402 414 3454 et
429 3398 491 3467 Vs.
510 3399 540 3453 in
559 3399 665 3466 insana,
683 3398 799 3454 insanae
813 3399 949 3454 Heinsius
1004 3405 1038 3455 41
1059 3403 1136 3457 uatis

117 3469 296 3539 Vistorious
318 3469 353 3523 V¹
426 3476 461 3525 44
479 3471 500 3525 li
518 3487 566 3524 um
586 3473 612 3544 (p
630 3471 663 3524 irs
680 3485 696 3524 e
715 3473 797 3540 corr.)
821 3471 848 3525 V
916 3476 951 3526 45
971 3471 1038 3527 miei
1061 3471 1089 3526 V

112 3547 148 3597 46
168 3540 289 3596 collecta
307 3542 331 3604 (t
348 3542 381 3596 in
398 3559 417 3611 g
435 3542 483 3607 at,
500 3488 568 3596 ienis
586 3557 688 3596 rasura
705 3556 793 3611 supra
807 3543 831 3611 t)
849 3540 885 3595 V¹
903 3558 972 3597 corr.
990 3543 1136 3599 hamam

150 3617 184 3665 47
203 3613 266 3692 ipsa
284 3629 438 3667 memorum
459 3612 486 3666 V
500 3628 569 3670 sorr.
590 3613 721 3684 Lupdues.
794 3618 829 3667 60
847 3629 882 3666 us
901 3612 985 3668 Setis.
1004 3631 1060 3682 qne
1083 3613 1134 3687 Vi

113 3682 282 3808 reportlrlaV
292 3699 366 3767 porr.
382 3682 512 3754 Luydm
568 3689 601 3738 51
620 3682 717 3739 audibi
734 3682 769 3736 V¹
786 3685 790 3752 Ι
805 3684 879 3738 bono
897 3683 924 3736 V
939 3699 1008 3741 corr.
1023 3684 1132 3742 Grono-

113 3771 180 3810 usus
227 3769 331 3810 anesus

149 3920 166 3969 2
185 3842 367 3970 lenlmsstagio
386 3844 423 3898 ad
441 3842 590 3899 Paulinum
610 3844 648 3898 M
708 3849 723 3898 1
742 3859 867 3912 unquam
881 3844 919 3899 M
923 3845 949 3900 G
967 3848 1093 3913 nr'rqnam
1111 3846 1138 3901 T

185 3932 203 3970 a
244 3932 282 3969 nn
