2430 4274
557 523 798 589 -160-

175 681 281 758 Quam
303 686 400 748 tenue
425 688 458 748 et
480 685 599 748 molem
624 687 779 768 quantem
801 683 866 748 fert
884 704 1070 767 corpoream
1102 688 1191 751 crus!

135 788 161 828 10
174 769 320 836 Pondere
343 772 403 837 sub
427 775 549 858 quanto
572 779 721 837 nostrum
743 771 930 838 moderatur
951 772 1014 837 iter
1117 777 1191 859 pes!

123 1036 182 1085 [sss]
499 1015 558 1071 VII.
587 1016 636 1071 oe
655 1015 860 1072 INCONEXIS.

175 1158 278 1245 Saepe
301 1161 335 1225 in
359 1161 519 1244 coniugiis
541 1161 580 1225 fit
601 1161 712 1242 noxia,
736 1162 764 1225 si
787 1162 889 1227 nimia
912 1166 975 1244 est,
1122 1162 1192 1229 dos.

175 1247 276 1314 Sexus
300 1252 435 1333 uterque
457 1252 589 1333 potens,
612 1253 662 1313 set
684 1250 855 1333 praeualet
877 1250 1002 1334 inperio
1112 1273 1191 1316 mas.

175 1336 238 1413 Qui
263 1341 348 1403 recte
371 1337 482 1423 faciet,
505 1359 572 1403 non
595 1338 651 1422 qui
674 1338 875 1422 dominatur,
899 1339 960 1403 erit
1124 1361 1191 1405 rex.

94 1478 104 1498 .
174 1424 281 1490 Vexat
303 1426 463 1491 amicitias
487 1430 520 1490 et
542 1424 674 1491 foedera
696 1427 853 1492 dissociat
1141 1429 1191 1494 lis.

147 1511 293 1598 oIncipe,
312 1513 467 1600 quidquid
487 1535 581 1600 agae:
605 1535 665 1598 pro
684 1517 756 1581 toto
776 1518 826 1579 est
843 1515 948 1600 prime
967 1515 1074 1600 operis
1103 1537 1190 1601 pers

174 1601 325 1668 Insinuat
346 1605 437 1669 caelo
462 1602 575 1688 disque
597 1601 714 1669 inserit
738 1604 890 1669 emeritos
1110 1605 1191 1670 laus.

173 1689 219 1755 Et
242 1691 419 1777 disciplinis
444 1691 590 1758 conferta
612 1696 663 1757 est
685 1696 718 1756 et
740 1693 831 1757 uitiis
1104 1691 1192 1758 urbs.

174 1777 319 1846 Vrbibus
344 1780 377 1845 in
400 1781 480 1846 tutis
504 1780 661 1847 munitior
683 1781 819 1847 urbibus
843 1786 894 1846 est
1124 1803 1192 1848 arn

174 1869 265 1934 Auro
289 1889 429 1955 magnus
452 1869 572 1953 honos,
595 1870 666 1934 auri
688 1870 829 1955 pretium
852 1874 963 1935 tamen
987 1872 1037 1934 est
1126 1891 1192 1935 aas

135 1974 161 2014 10
173 1956 290 2043 Longa
312 1957 381 2023 dies
405 1979 543 2043 operosa
564 1958 653 2043 uiro,
675 1959 730 2024 sed
753 1958 929 2042 temperies
1117 1980 1192 2044 nox,

175 2043 246 2121 Qua
264 2051 353 2111 earet
372 2045 570 2130 Aethiopum
588 2047 702 2131 plaga,
720 2047 873 2133 peruigil,
894 2047 1057 2132 inrequies
1104 2069 1193 2130 gens,

176 2133 309 2217 Semper
332 2134 387 2199 ubi
412 2139 546 2199 aeterna
568 2135 729 2221 uertigine
754 2136 842 2201 clara
864 2139 977 2201 menet
1127 2136 1192 2200 lux.

175 2277 388 2286 ——-—....

246 2359 311 2429 VII,
332 2367 346 2416 1
370 2360 510 2415 quenalis
529 2360 568 2414 Vl
586 2367 639 2416 430
666 2360 876 2416 Intolerabilius
895 2361 967 2417 nihil
985 2364 1030 2417 est
1048 2378 1134 2432 quam
1153 2362 1193 2418 fs·

175 2432 252 2487 mine
269 2431 357 2488 diues.
385 2430 524 2487 Martialis
544 2431 609 2486 VIII
629 2438 671 2488 13.

247 2509 263 2558 3
282 2504 380 2559 Horat.
398 2504 430 2558 E.
449 2503 462 2556 1
483 2510 507 2571 1,
522 2509 555 2558 39
570 2521 591 2561 s.
611 2504 731 2559 rexeris
752 2544 779 2558 ..
800 2503 918 2559 sirecte
937 2503 1023 2559 iacies

223 2645 229 2658 ἡ
247 2579 263 2628 3
283 2575 380 2630 Horat.
399 2575 430 2630 a.
450 2576 462 2628 1
481 2580 507 2641 2,
522 2581 556 2630 40
571 2592 592 2631 s.
612 2574 759 2630 dimidium
776 2575 845 2629 iacti
863 2576 913 2643 qui
931 2576 1024 2645 coepit
1041 2575 1142 2630 habet:
1164 2617 1193 2630 ..

175 2662 267 2800 lfmupd
282 2716 380 2798 Varro·
392 2714 426 2770 de
446 2716 463 2770 l.
483 2716 502 2771 l.
522 2722 571 2770 131
592 2732 641 2771 arx
660 2717 696 2771 ab
715 2717 848 2784 arcendo,
867 2717 941 2784 quod
961 2715 985 2770 is
1004 2717 1083 2772 locus
1102 2717 1194 2771 muni·

173 2789 299 2841 tissimus
318 2787 404 2840 urbis.

247 3004 281 3053 30
299 2998 461 3066 quantap!
487 3013 564 3052 orus:
584 3015 597 3052 s
616 2998 648 3052 ia
665 3015 721 3054 roe.
741 3001 792 3056 litt.
812 3017 830 3053 x
848 3000 884 3057 ot.
909 2998 936 3052 V
986 3005 1020 3054 31
1041 2999 1167 3070 rosdep
1187 3001 1191 3069 t

175 3071 229 3124 iter
247 3088 274 3139 p.
294 3084 343 3137 pes
362 3070 392 3138 (p
411 3068 460 3121 tin.
479 3068 543 3137 dcl.)
563 3067 589 3121 Τ

58 3176 162 3244 ΜΖ
248 3173 300 3229 VII
323 3173 471 3245 conexisp
497 3174 660 3230 inconnexis
679 3177 706 3231 Z
731 3197 760 3231 vr
778 3193 864 3246 morp.
884 3177 948 3232 odd.
971 3175 1016 3230 Vv
1073 3183 1107 3232 33
1126 3193 1193 3259 con-

174 3245 288 3329 iugibus
307 3246 384 3314 021
409 3246 472 3319 dos]
492 3263 547 3301 uox
570 3246 615 3330 Vc
671 3254 705 3302 33
725 3248 778 3319 set]
803 3248 851 3315 V!
875 3248 1004 3318 preualet
1025 3246 1111 3331 VOI'
1124 3251 1129 3314 1
1150 3266 1194 3331 m·

174 3334 254 3400 perro
291 3318 317 3371 V
331 3321 335 3385 Ι
351 3316 454 3401 ωοείξ
505 3324 541 3401 34
559 3320 694 3388 quurecte
708 3318 735 3372 V
785 3324 820 3374 85
838 3318 966 3390 foedera]
985 3319 1060 3375 sotra
1078 3323 1117 3403 ”d
1139 3319 1194 3374 drs·

175 3405 249 3444 socie
280 3388 317 3442 V¹
353 3395 387 3444 33
407 3389 541 3459 qurcqurd
555 3391 602 3445 vG
620 3393 703 3461 chst
720 3391 776 3460 (sed
793 3408 806 3445 s
825 3392 888 3459 del.)
903 3390 947 3459 ΤΙ
963 3391 1007 3444 est
1024 3406 1156 3476 oppnma
1171 3389 1197 3443 T

211 3482 245 3532 37
265 3476 319 3532 diis
336 3477 391 3533 To
445 3497 471 3534 a.
492 3484 526 3532 39
544 3493 594 3533 om.
616 3480 640 3533 0
662 3482 668 3550 1
692 3480 789 3533 estol.
808 3480 873 3534 add.
898 3479 925 3531 V
946 3482 951 3547 Ι
976 3479 1037 3551 arx]
1063 3495 1113 3534 rex
1138 3479 1194 3547 Vv,

176 3603 220 3640 ars
242 3585 279 3639 M
331 3590 366 3639 40
385 3588 417 3639 tu
435 3584 517 3639 ssT
569 3589 603 3638 41
623 3583 690 3639 uiris
708 3587 751 3652 ol
776 3563 968 3656 temperidsO
1015 3590 1050 3639 43
1066 3586 1195 3656 etiopum

176 3657 268 3727 1’lafga
291 3655 335 3727 Vl
359 3656 446 3725 plaga
463 3654 550 3725 plaga
570 3655 615 3724 ΤΙ
637 3655 771 3726 irrequies
792 3657 818 3710 Τ
870 3663 904 3711 43
923 3655 1034 3711 alterna
1051 3657 1196 3713 aaaron

179 3781 182 3850 2
205 3781 302 3834 manet
325 3779 370 3833 vv
389 3779 463 3837 nitet
482 3779 557 3849 021
582 3745 660 3835 dara
677 3780 750 3836 noer
768 3750 906 3851 uetudine
927 3781 953 3835 r
