2430 4274
458 561 694 625 -411-

108 719 180 785 Iam
203 719 363 785 meditans
387 718 476 785 iobis
500 741 535 783 se
557 740 728 784 numerare
750 721 832 786 suis:
1046 739 1081 788 3ο

64 807 134 874 Nec
158 829 263 873 morat
286 808 423 873 ridentis
446 806 568 873 calathi
592 807 747 892 patefecit
769 809 926 885 honorem

110 896 254 962 Prodens
278 896 395 961 inclusi
419 897 543 962 semina
565 895 666 961 densa
688 897 782 961 croci.

66 985 156 1051 Haec
179 984 292 1070 modo,
315 1006 397 1070 quae
420 988 491 1051 toto
515 985 709 1049 rutilauarat
731 984 808 1071 igne
831 1007 995 1052 comarum

108 1072 238 1140 Pallida
260 1072 422 1158 conlapsis
445 1072 605 1138 deseritur
626 1072 805 1163 f0lii⁸>.]

64 1163 211 1229 Mirabar
232 1162 369 1228 celerem
391 1161 533 1248 fugitiua
555 1165 662 1226 aetate
685 1163 835 1247 rapinam
1047 1181 1081 1230 33

111 1249 170 1336 nt,
192 1250 269 1316 dum
292 1256 483 1333 nascuntur,
506 1251 713 1315 consenuisse
736 1272 838 1316 rosas.

65 1340 150 1406 Ecce
173 1344 207 1405 et
229 1338 363 1405 defluxit
384 1338 476 1404 rutili
499 1359 593 1404 coma
614 1338 733 1422 punica
755 1339 858 1425 floris,

111 1428 197 1494 Dum
220 1428 350 1513 loquor,
373 1428 526 1493 attollas
548 1430 637 1493 tecta
659 1428 777 1494 rubore
800 1429 908 1494 micat

65 1517 131 1584 Tot
153 1516 276 1601 species
298 1520 473 1600 tantosque
496 1519 587 1581 ortus
609 1515 783 1601 uanosque
807 1521 947 1583 nouatus

110 1604 189 1670 Vna
210 1605 280 1670 dies
303 1604 421 1689 aperit,
445 1604 576 1670 conficit
597 1604 671 1688 ipsa
693 1603 769 1669 dies.
1046 1623 1080 1673 40

65 1693 317 1778 Conquerimur,
339 1691 480 1774 Natura,
503 1692 612 1758 breuis
636 1693 721 1776 quod
744 1694 853 1778 gratia
874 1695 964 1759 talis:

110 1782 284 1848 Ostentata
307 1781 408 1846 oculis
431 1781 521 1846 illico
546 1781 631 1846 dona
652 1782 752 1865 rapis.

65 1870 171 1948 Quam
194 1872 294 1955 longa
315 1891 380 1934 una
404 1869 486 1952 dics,
510 1872 691 1935 uetustam
716 1869 816 1955 longa
838 1890 1000 1935 rosarum:

111 1958 192 2025 Oum
215 1959 407 2043 pubescenti
429 1959 540 2023 iuncta
562 1963 693 2023 senecta
715 1957 832 2023 breuis.

66 2048 172 2125 Quam
194 2047 291 2112 modo
314 2049 501 2113 nascentem
523 2047 641 2111 rutilus
664 2047 833 2132 conspexit
852 2045 956 2132 Eous,
1045 2063 1080 2112 45

110 2136 204 2202 Hauc
225 2135 351 2201 rediens
375 2157 447 2201 sero
471 2155 605 2219 uespere
628 2136 711 2200 uidit
733 2157 840 2201 auum.

67 2224 130 2290 Sed
153 2225 249 2304 bene,
272 2225 358 2308 qnod
380 2225 492 2309 paucis
514 2224 592 2289 licet
615 2224 787 2290 interitura
811 2225 924 2290 diebus

112 2312 292 2379 Succedens
316 2334 432 2378 aeuum
455 2316 610 2399 prorogat
633 2314 706 2397 ipsa
729 2337 832 2379 suum.

67 2400 206 2488 Collige,
233 2401 343 2487 uirgo,
367 2423 471 2485 rosas,
495 2401 570 2466 dum
594 2401 654 2465 flos
677 2424 781 2467 nouus
805 2407 838 2466 et
859 2424 946 2467 noua
968 2402 1081 2485 pubes,

111 2490 156 2555 Et
179 2512 304 2556 memor
327 2493 396 2555 estc
421 2512 536 2556 aeuum
560 2490 607 2555 sio
629 2511 804 2574 properare
828 2495 930 2554 tuum.
1046 2505 1080 2555 oe

954 2592 977 2618 ν’

138 2722 173 2772 31
191 2716 329 2788 patefacit
346 2717 374 2771 A
427 2723 462 2772 33
481 2718 552 2772 haec
589 2733 622 2771 ac
641 2716 799 2772 Scriverius
852 2722 887 2772 37
907 2716 1006 2772 deflusi
1023 2719 1081 2772 tru-

67 2788 121 2843 tali
140 2789 322 2858 (membrum
338 2790 410 2844 uitio
423 2790 559 2857 dirempto
578 2788 607 2843 A
661 2793 696 2842 38
713 2788 841 2843 micaeA
895 2794 930 2843 33
948 2786 1081 2843 uariusA

102 2866 136 2913 41
156 2859 352 2928 conquerimus
372 2862 485 2927 (rasura
497 2861 578 2927 coer.)
597 2858 636 2912 A¹
653 2859 658 2928 Ι
674 2859 740 2913 talis
755 2860 782 2913 A
800 2859 889 2914 om.B
908 2858 1020 2929 (florum
1038 2859 1082 2914 est

66 2947 119 2987 rec.
137 2947 173 2985 m.
192 2932 258 2986 odd.
277 2931 315 2996 B)
370 2936 404 2984 43
424 2932 536 2985 ostenta
553 2929 601 2999 Al
622 2929 687 2984 ilico
705 2931 733 2983 B
787 2936 822 2985 44
842 2946 905 2983 cum
923 2930 952 2985 A
970 2946 1040 2999 quas
1054 2929 1082 2984 B
1178 2952 1181 2957 ·

69 3003 72 3073 l
92 3002 261 3072 pubescenti
280 2999 472 3070 (απ-133331
497 2999 683 3070 pubescentes
702 3001 731 3056 Β
753 3004 757 3068 Ι
783 3001 876 3055 breuis
895 3002 957 3057 AB
979 3001 1083 3071 premit

64 3074 170 3129 novitii
223 3077 259 3127 43
277 3070 371 3126 rutilis
389 3088 423 3127 ex
440 3071 541 3126 rutilus
559 3072 588 3127 Β
603 3073 608 3140 Ι
623 3072 756 3141 coupexit
773 3072 842 3127 edus
859 3073 888 3127 A
941 3079 977 3128 43
995 3088 1082 3127 uuum

65 3146 94 3198 A
148 3149 184 3198 48
202 3143 372 3198 succendens
389 3142 418 3197 A
491 3149 525 3198 49
544 3143 606 3197 uiro
624 3143 713 3213 (nirg0
731 3159 783 3199 rec.
803 3145 883 3211 corr.)
903 3144 962 3212 Bu
988 3141 1081 3197 Publii

65 3213 183 3284 Virgilii
204 3213 328 3268 Maronis
351 3213 391 3284 (Ρ.
411 3213 444 3268 V.
463 3213 501 3268 M.
521 3214 559 3281 A)
588 3211 692 3284 egloga
713 3214 777 3283 (agl'
797 3214 836 3281 A)
860 3213 894 3268 de
917 3214 988 3269 roais
1017 3211 1081 3266 fluit

64 3285 122 3357 (ni
142 3287 181 3356 A)
199 3285 259 3339 AB
297 3283 422 3340 eiusdem
439 3286 580 3339 muretum
597 3283 698 3353 incipit
715 3284 743 3337 A
