2430 4274
502 537 741 605 -162—

72 784 128 839 [url
489 765 577 824 VIIII.
604 765 654 821 DE
672 765 772 822 CIBIS.

125 895 194 963 Nec
217 899 347 962 nostros
371 895 514 960 reticebo
537 894 642 979 cibos,
664 915 746 980 quos
769 896 893 978 priscus
916 895 1018 962 habat
1058 918 1141 982 mos,

124 983 376 1050 inritamentum
399 984 516 1068 quibus
540 983 669 1048 additur
692 1004 887 1068 aequoreum
1079 985 1139 1071 sal,

124 1069 315 1138 Communis
333 1073 508 1158 pecorique
527 1071 605 1138 olim
625 1071 714 1137 cibus
733 1075 831 1158 atque
848 1071 976 1138 homini
1034 1073 1139 1160 glans,

122 1161 211 1227 Ante
234 1161 382 1246 equidem
405 1161 529 1247 campis
553 1182 650 1245 quam
674 1161 783 1244 spicea
805 1163 991 1246 suppeteret
1053 1161 1176 1229 frunt<

96 1248 199 1316 ιΜοιι
222 1250 302 1316 ador
325 1253 423 1335 atque
447 1248 555 1316 adoris
579 1249 617 1313 de
640 1249 763 1333 polline
785 1250 966 1334 pultificum
1078 1250 1137 1331 far,

12 1408 15 1412 ,
121 1337 283 1404 Instruxit
307 1360 437 1406 mensas
461 1359 524 1423 quo
549 1338 711 1423 quondam
735 1337 943 1404 Romulidum
1034 1339 1137 1425 plebs.

121 1425 209 1493 Hinc
230 1427 336 1511 cibus,
358 1428 434 1493 hinc
456 1430 568 1513 potus,
591 1448 665 1492 cum
688 1426 865 1492 dilueretur
888 1449 973 1510 aqua
1052 1427 1136 1513 puls

120 1512 184 1580 Est
204 1515 290 1580 inter
312 1516 423 1602 fruges
446 1537 557 1582 morsu
579 1515 674 1601 piper
697 1516 909 1600 aequiperans
1086 1515 1137 1602 git

119 1601 166 1668 Et
187 1603 355 1670 Pelusiaco
379 1604 418 1670 de
441 1605 563 1670 semine
584 1605 697 1690 plana,
719 1607 805 1669 teres
1064 1605 1135 1670 lens
1153 1621 1176 1671 61

80 1709 107 1753 ιο
119 1690 166 1760 Et
187 1693 310 1779 duplici
333 1693 464 1759 defensa
486 1693 654 1778 putamine
677 1693 922 1778 quinquegenus
1068 1715 1136 1759 nux

120 1780 276 1867 Quodque
295 1782 368 1847 cibo
388 1787 420 1848 et
437 1787 518 1868 potu
537 1781 705 1866 placitum,
723 1780 818 1846 labor
835 1802 909 1847 acer
922 1803 1031 1867 apum,
1061 1782 1136 1868 mel,

119 1869 264 1937 Naturae
286 1872 393 1956 liquor
416 1870 480 1936 iste
502 1891 620 1949 nouae,
643 1869 695 1935 cui
718 1891 845 1935 summa
867 1873 961 1936 natat
1050 1869 1135 1936 faex.

65 2114 123 2166 [646]
464 2097 498 2151 X.
526 2096 574 2150 DE
593 2096 782 2152 HISTORIIS.

119 2222 270 2289 Solamen
291 2223 366 2307 tibi,
388 2222 533 2307 Phoebe,
554 2245 676 2288 nouum
700 2224 789 2288 dedit
811 2222 964 2289 Oebalius
1062 2224 1133 2290 flos.

116 2310 212 2377 Flore
236 2312 301 2379 alio
323 2333 398 2378 reus
422 2316 472 2377 est
493 2309 642 2377 Narcissi
665 2314 770 2376 morte
793 2332 883 2377 sacer
1048 2311 1132 2378 fons.
1150 2329 1176 2379 tt

117 2399 233 2468 Caedis
258 2402 410 2468 Adoneae
433 2402 522 2467 mala
544 2400 653 2487 gloria
674 2400 850 2466 fulmineus
1067 2422 1133 2467 sus.

116 2489 286 2556 Periurum
309 2489 483 2575 Lapitham
506 2488 644 2556 Iunonia
666 2488 814 2555 ludificat
1045 2491 1132 2555 nubs

187 2681 267 2737 VIIII
286 2687 302 2736 6
322 2681 356 2737 cf.
376 2682 447 2738 Plin.
467 2701 493 2737 ιι.
512 2682 540 2736 h.
560 2681 653 2737 XVIII
667 2686 701 2735 83

187 2759 203 2807 9
222 2753 278 2809 Ver
299 2794 305 2807 .
325 2752 349 2807 G
368 2753 447 2807 laea
465 2768 516 2807 nec
534 2750 697 2808 Pelusiacae
716 2767 812 2807 curam
831 2765 861 2806 es
882 2752 1015 2807 ornabere
1034 2751 1129 2808 lentie.

185 2821 246 2876 xe
299 2822 421 2878 .hinius
439 2821 613 2878 Andronicus
632 2839 676 2894 ap.
697 2822 774 2877 Seru.
794 2822 829 2877 ad
875 2822 954 2893 argil.
972 2823 998 2876 A
1016 2821 1111 2878 Xtdt

185 2999 264 3053 VIIII
286 3019 337 3082 rur
356 2998 442 3071 mory.
457 3001 504 3085 Vu
520 3003 525 3071 Ι
541 3000 576 3056 de
595 3001 665 3057 cibis
679 3001 780 3058 nostris
796 2998 851 3057 Τθ
869 2999 973 3082 nostis
986 3014 1037 3082 our.
1051 2997 1132 3056 VuG

111 3070 255 3214 curu
267 3072 442 3212 *eecce
571 3072 627 3199 u
643 3072 894 3201 unctu

113 3211 118 3284 1
134 3213 232 3285 atqhe]
248 3214 339 3282 adque
354 3212 381 3270 V
396 3230 450 3282 qne
462 3212 489 3268 θ
539 3219 573 3270 60
587 3162 730 3286 eqiidem]
750 3185 867 3270 etiamn
884 3218 889 3283 1
905 3212 1000 3283 spicea
1018 3227 1069 3268 om.
1080 3211 1124 3284 71

110 3288 247 3392 ruphilli}
262 3320 324 3374 frux
339 3318 366 3376 V
412 3326 445 3375 61
458 3321 538 3376 ador:
553 3321 615 3375 ain
628 3335 683 3375 rue.
698 3317 741 3390 71
756 3319 803 3390 de]
822 3320 841 3373 d
857 3319 900 3388 ΤΙ
916 3317 1086 3388 pultificium
1101 3315 1128 3374 7

111 3395 144 3445 62
162 3391 334 3445 romulidum
353 3391 383 3445 c¹
403 3393 432 3460 (n
450 3393 482 3447 a'n
500 3408 517 3447 o
536 3392 617 3460 corr.)
673 3395 707 3445 64
726 3391 832 3458 inriges
848 3390 889 3458 01
905 3387 1074 3459 equiparans
1089 3387 1128 3442 M

145 3465 179 3515 66
199 3460 325 3532 dupplici
344 3462 388 3534 7Ι
405 3461 602 3533 quinqnetenis
623 3462 649 3516 7
665 3461 870 3532 quinquagenis
886 3479 905 3514 a
959 3465 993 3515 67
1013 3476 1081 3534 acer
1101 3457 1127 3516 V

145 3536 179 3586 68
197 3532 251 3606 iste
270 3532 322 3601 v¹l
344 3532 496 3605 11qr01»(qv
513 3551 547 3591 ec
566 3551 581 3587 c
597 3535 653 3602 pr.)
672 3535 710 3601 υΙ
732 3551 784 3587 rex
802 3531 910 3587 vcra

179 3619 205 3674 X
227 3640 289 3676 vnn
311 3639 397 3694 marp.
419 3622 486 3692 761
511 3622 643 3692 hystoriis
658 3620 696 3674 Μ
748 3626 780 3675 69
799 3620 901 3675 fhoebe
925 3617 952 3673 V
976 3617 1059 3674 foebe
1077 3638 1096 3673 a

108 3692 212 3746 nobum
228 3691 255 3747 V
294 3692 399 3747 ebalius
420 3692 447 3744 7
499 3699 533 3749 70
546 3710 585 3764 pr
661 3693 666 3705 “
730 3710 744 3746 ι
762 3692 857 3747 suari
874 3711 891 3744 v
908 3691 913 3760 1
928 3691 973 3744 est
1004 3691 1034 3744 et
1048 3687 1095 3746 Vn

106 3760 220 3817 narciss¹
295 3762 398 3819 narcisi
418 3762 472 3819 To
497 3769 502 3832 1
527 3782 604 3821 mora
701 3762 873 3818 c1ad⁰neae
893 3761 917 3816 0
939 3762 944 3829 1
993 3759 1123 3815 uminens

107 3834 154 3904 (ul.
169 3837 250 3901 corr.)
265 3834 301 3889 V¹
319 3840 351 3890 ut
368 3834 427 3890 aad.
484 3842 516 3891 72
536 3836 672 3908 pesrurum
691 3837 715 3904 (r
733 3835 814 3902 erae.)
833 3832 861 3888 V
875 3848 1002 3903 pelorum
1022 3851 1040 3887 u
1059 3847 1122 3902 per·

106 3903 209 3960 inrium
229 3905 293 3961 OM
307 3908 312 3976 1
331 3905 451 3976 lapiiam
470 3905 538 3963 VM
553 3907 694 3979 laphitam
713 3905 755 3975 01
774 3903 886 3960 iunoni·
904 3901 948 3971 71
970 3901 1088 3959 ludifioa
1105 3921 1122 3956 o
