2430 4274
350 17 1179 333 -

501 514 657 580 -362
704 551 746 561 —

31 694 34 699 '
66 677 244 744 casulibus
268 675 406 778 gesserit
428 674 642 778 consulatum.
683 695 756 776 ecce
780 673 889 775 aliufl,
905 673 993 758 qnod
1016 674 1136 777 aliquis

120 767 341 919 {illisu
359 768 444 918 tlt
462 762 1139 953 t,tlttfttltlttffltttssttt

66 1048 101 1097 s
119 939 1179 1115 etotlffnllllulllttsl‘tt'llllttt‘ttt

120 1140 232 1185 omnes
251 1119 370 1203 ubique
388 1120 498 1202 urbes,
522 1141 603 1204 quae
622 1117 682 1182 sub
701 1117 828 1202 legibus
847 1122 958 1203 agunt,
983 1121 1018 1182 et
1031 1117 1137 1185 Roma

120 1207 159 1273 de
187 1229 276 1273 more
310 1211 343 1272 et
371 1204 674 1290 Constantinopolis
702 1205 740 1271 de
768 1206 952 1271 imitatione
981 1211 1015 1271 et
1042 1207 1137 1274 Anti·

120 1296 214 1361 ochia
228 1318 287 1380 pro
302 1296 380 1360 luxu
394 1299 428 1359 et
442 1293 607 1379 Carthago
627 1294 785 1359 discincta
804 1299 837 1359 et
854 1295 976 1360 donum
991 1295 1136 1362 fluminis

119 1383 328 1449 Alexandria:
362 1384 417 1449 sed
450 1382 584 1448 Treueri
616 1383 771 1469 principis
804 1383 960 1449 beneficio
994 1388 1028 1451 et
1061 1406 1137 1451 mox

119 1493 192 1537 cum
215 1472 286 1557 ipso
306 1478 437 1537 auctore
461 1472 618 1537 beneficii.
655 1472 727 1537 loca
745 1472 830 1536 inter
848 1494 883 1537 se
901 1471 1032 1557 distant,
1058 1477 1179 1540 uotae

64 1561 334 1667 §consentiunt
370 1584 454 1626 unus
477 1562 511 1627 in
530 1583 585 1626 ore
605 1561 748 1627 omnium
764 1560 948 1643 Gratianus,
971 1565 1136 1646 potestate

118 1649 309 1734 imperator,
337 1650 459 1715 uirtute
484 1651 603 1733 uictor,
635 1650 803 1735 Augustus
832 1650 1021 1734 sanctitate,
1054 1673 1135 1735 pon-

118 1736 199 1803 tifex
218 1738 389 1826 religione,
412 1738 615 1825 indulgentia
633 1742 741 1822 pater,
760 1741 868 1803 aetate
887 1738 989 1822 filius,
1011 1739 1134 1823 pietate

117 1832 226 1892 utrum
250 1849 299 1893 ue.

64 1933 98 1982 33
183 1850 272 1980 viil.
305 1914 380 1981 Non
403 1939 537 2001 possum
560 1916 634 1980 fidei
658 1937 756 1981 causa
779 1914 948 1980 ostendere
972 1915 1177 2001 imaginesao

117 2005 276 2069 maiorum
296 2025 456 2084 meorum,
475 2010 512 2068 ut
531 2004 578 2068 ait
596 2005 680 2089 apud
701 2003 892 2070 Sallustium
911 2003 1052 2088 Marius,
1075 2027 1132 2070 nee

117 2092 290 2157 deductum
328 2093 368 2157 ab
401 2093 554 2157 heroibus
592 2114 694 2179 genus
731 2092 783 2157 uel
820 2092 954 2157 deorum
992 2097 1132 2158 stemma

116 2179 286 2264 replicare,
316 2203 376 2246 neo
400 2182 528 2267 ignotas
553 2203 632 2265 opes
657 2186 691 2246 et
712 2181 910 2265 patrimonia
933 2203 1052 2266 sparsa
1074 2182 1131 2248 sub

115 2269 240 2354 regnis:
270 2270 326 2334 sed
350 2292 401 2352 ea,
429 2291 511 2354 quse
534 2275 614 2334 nota
637 2275 726 2352 sunt,
754 2270 859 2334 dicere
882 2269 1007 2353 potius,
1036 2291 1131 2355 quam

115 2357 315 2442 praedicare:
333 2359 473 2443 patriam
487 2381 553 2424 non
568 2358 748 2441 obscuram,
767 2358 925 2422 familiam
940 2380 1009 2423 non
1022 2359 1129 2443 paeni·
1141 2380 1172 2421 ss

115 2447 256 2531 tendam,
274 2448 406 2514 domum
425 2448 638 2530 innocentem,
657 2447 874 2513 innocentiam
893 2468 960 2511 non
975 2451 1129 2531 coactam,

62 2592 68 2610 ,
116 2540 273 2620 augustas
297 2558 388 2621 opes,
411 2540 635 2602 uerumtamen
659 2536 752 2600 libris
771 2539 805 2599 et
822 2535 941 2600 litteris
966 2536 1129 2617 dilatatas,

114 2623 338 2709 frugalitatem
358 2627 427 2690 sine
447 2625 610 2708 sordibus,
633 2625 798 2710 ingenium
817 2624 966 2707 liberale,
985 2626 1128 2690 animum

115 2735 180 2779 non
194 2713 406 2798 inliberalem,
425 2715 557 2797 uictum,
571 2714 735 2796 uestitum,
749 2712 987 2797 supellectilem
1002 2713 1129 2797 munde,

185 2892 238 3012 iii
257 2887 484 3028 gffiiuffiuesslug·
504 2965 546 3027 85,
566 2963 613 3013 29:
632 2974 688 3013 non
706 2975 821 3028 possum
839 2957 906 3013 fidei
925 2974 1011 3014 cansa
1029 2958 1127 3030 imagi-

9 3088 15 3095 ,
114 3046 163 3085 nes
177 3044 267 3097 neque
280 3028 438 3097 triumphos
450 3032 499 3082 aut
509 3030 668 3084 consuletur
682 3028 820 3083 maiorum
834 3045 962 3085 meorum
977 3032 1127 3085 ostentare.

184 3176 236 3224 217
256 3174 284 3226 te
304 3132 334 3225 ei
355 3187 370 3225 ο
393 3170 501 3241 Tergo
520 3175 549 3226 te
569 3172 607 3226 M
612 3171 638 3227 G
710 3176 762 3225 213
782 3169 879 3226 attulis
898 3171 955 3240 ΜΙ
978 3174 1008 3226 te
1024 3170 1126 3297 glorio·

114 3256 159 3294 sus
180 3240 207 3295 G
265 3246 317 3297 213
372 3242 472 3297 outoni
489 3241 615 3312 Vyoletus
643 3242 780 3297 frontonis
800 3242 827 3295 Z
883 3248 936 3296 220
956 3243 1023 3310 equi
1043 3240 1129 3298 emZ

113 3311 272 3368 celebrante
292 3313 405 3383 quidem
416 3313 481 3383 To)
502 3313 615 3382 quidem
630 3311 775 3383 Vooletsul
799 3313 937 3368 solemnes
953 3314 991 3368 Μ
996 3312 1022 3368 θ
1042 3314 1126 3369 rolen-

112 3382 199 3437 nesT
250 3389 301 3439 221
322 3385 412 3440 omnis
427 3384 453 3438 G
507 3390 558 3438 222
578 3383 800 3465 constanIopolis
817 3382 843 3438 θ
859 3386 863 3453 Ι
880 3388 908 3440 et
925 3383 1002 3452 Tou,
1020 3401 1072 3439 our.
1083 3383 1123 3447 ΖΛ

113 3453 278 3509 anthiochia
284 3456 322 3510 M
326 3456 352 3510 G
401 3461 452 3510 223
465 3459 579 3525 cartago
590 3457 628 3510 M
641 3457 646 3526 1
663 3455 948 3510 discinctaAueatiss
962 3453 1127 3510 distinctaZ

115 3524 119 3594 l
141 3523 244 3580 donum
265 3526 333 3582 TM
349 3526 464 3581 domum
485 3525 511 3580 G
529 3528 628 3582 domus
648 3528 791 3582 Acontius
863 3532 916 3580 224
934 3525 1048 3581 Treuiri
1068 3524 1094 3580 G

111 3595 318 3653 seruirent*
386 3602 439 3652 223
457 3602 598 3667 utrunque
617 3596 644 3652 G

182 3666 247 3722 VIII
270 3674 321 3723 231
342 3667 488 3722 salustium
508 3670 535 3722 Z
587 3673 639 3723 232
659 3669 695 3724 ab
714 3685 764 3724 om.
785 3668 830 3733 G}
853 3666 902 3722 nel
919 3666 1030 3738 Pciper,
1048 3665 1127 3721 adZ

111 3736 158 3792 uel
176 3740 246 3795 adeo
265 3739 379 3794 Schenkl
447 3745 499 3794 236
518 3739 717 3809 poenitendam
739 3739 765 3793 Y
824 3744 876 3795 237
896 3738 1001 3794 litteris
1032 3735 1127 3794 liius

110 3807 217 3864 lictoris
237 3809 275 3863 Μ
296 3807 393 3863 liberis
412 3809 458 3878 Gt
480 3809 585 3866 dilatas
604 3811 631 3866 θ
703 3815 755 3866 233
773 3809 965 3882 inliberalem]
1036 3812 1124 3879 leup-

110 3878 280 3950 pellectilem
301 3879 328 3934 Τ
348 3880 543 3951 snpelectilem
564 3881 591 3936 G
