2400 4282
465 602 502 613 -
551 566 706 631 367·-

72 725 278 811 quorundam
289 726 511 792 sciscitatione
520 727 729 791 cumulatum.
751 725 1086 812 interrogatusqne

72 815 215 900 priorem
243 814 429 880 decerneres
458 814 636 892 consulem,
664 830 732 878 unc
755 831 988 881 nvffluannvu
1016 836 1086 880 esse

72 903 184 967 dixisti
203 907 254 988 tu,
277 909 310 968 et
333 903 389 988 qui
412 907 518 968 tecum
542 903 620 968 boni
644 907 733 986 eunt,
757 902 904 967 dubitare
928 925 993 968 non
1016 908 1086 988 pot·

73 996 174 1056 erant.
220 992 276 1056 sed
303 996 413 1057 tamen
442 992 483 1056 ad
511 992 573 1057 hoc
601 991 723 1057 dictum
751 996 920 1056 erexerant
952 992 1086 1075 animos,

72 1080 128 1165 qui
150 1080 291 1146 libenter
309 1081 526 1145 clarissimum
545 1081 652 1145 uirum
672 1079 830 1166 collegam
850 1101 967 1163 meum,
991 1102 1086 1165 quem
1100 1097 1140 1138 ³⁶⁵

71 1173 277 1253 praesentem
303 1168 449 1234 habebat
482 1169 621 1250 occasio,
653 1169 834 1252 praelatum
868 1169 1086 1234 credidissent

72 1258 251 1344 fatigantes
270 1262 395 1342 tamen,
419 1257 505 1342 quod
523 1258 764 1341 intellexerant,
787 1257 1003 1341 requirebant
1034 1257 1087 1322 hic

71 1349 123 1428 tu,
151 1346 236 1411 sicut
263 1346 343 1411 mihi
366 1346 587 1411 renuntiatum
611 1350 672 1429 est,
700 1351 780 1411 noto
803 1346 860 1411 illo
882 1346 1005 1430 pudore
1028 1352 1085 1411 tuo

71 1434 238 1518 paulisper
264 1434 401 1500 haesisti
427 1457 495 1500 non
518 1435 656 1500 rationis
682 1434 867 1520 ambiguus,
895 1436 1086 1500 acdeorum

71 1522 309 1588 dubitationem
329 1524 422 1588 uultu
440 1527 474 1588 et
492 1524 609 1588 rubore
626 1523 855 1607 condemnans,
874 1524 928 1608 qui
944 1524 1086 1589 studium
1100 1541 1139 1582 seo

70 1633 167 1676 suum
190 1611 469 1696 interpretationis
493 1633 600 1676 errore
628 1611 815 1696 palpabant.
861 1611 974 1677 deinde
998 1612 1085 1677 illico

71 1699 259 1765 eubffldisei:
291 1717 377 1777 ovrn
402 1718 449 1764 nu
471 1717 610 1766 nvoavs
635 1716 850 1765 cousvnruvs
873 1717 1085 1766 nnsrounrrs

71 1805 274 1871 Qvaumrrs,
311 1806 390 1866 Quis
425 1806 520 1855 oeno
555 1806 609 1855 sn·
640 1789 944 1854 uvucvrasloms‘?
989 1806 1085 1853 nunu

71 1892 176 1943 suive
199 1893 297 1955 cusu
320 1895 416 1956 oven
439 1893 694 1942 rmuuucuvns
718 1877 951 1943 cousrmvru?
974 1899 994 1942 o
1016 1877 1085 1942 feli·

70 1986 141 2031 cem
169 1966 396 2031 uerecundiam
424 1970 530 2049 tuam,
558 1966 609 2032 cui
631 1967 696 2030 ista
718 1966 886 2050 popularis
910 1966 1138 2030 rationum

69 2054 246 2139 prudenter
264 2056 418 2120 occurrit!
438 2055 530 2121 scisti
549 2053 647 2139 aliud,
661 2053 825 2138 Gratiano,
843 2055 929 2139 quod
949 2054 1085 2120 diceres:

71 2142 126 2208 sed
159 2147 295 2227 propter
327 2144 526 2228 quorundam
557 2143 781 2209 uerecundiam
810 2144 915 2209 dicere
942 2144 1085 2211 noluisti.

71 2231 263 2314 scopulosus
291 2231 345 2298 hic
372 2233 453 2298 mihi
476 2232 567 2298 locus
591 2236 641 2296 est
663 2236 697 2297 et
719 2237 852 2317 propter
876 2254 960 2317 eam,
988 2254 1084 2316 quam

70 2340 248 2404 numquam
277 2321 434 2407 adpetiui‚
463 2322 616 2407 gloriam,
643 2321 850 2386 recusandus.
896 2343 969 2387 cum
997 2321 1086 2407 prior

70 2409 278 2474 renuntiatus
296 2411 371 2495 sim,
391 2411 470 2475 satis
490 2416 540 2475 est
557 2414 649 2473 tuum
668 2413 779 2473 tencre
796 2409 964 2474 iudicium:
988 2410 1085 2474 inter-
1099 2424 1140 2465 676

70 2501 181 2584 pretes
204 2497 311 2563 ualete
334 2499 535 2564 meritorum.
576 2519 680 2582 neque
704 2500 813 2562 autem
837 2517 913 2581 ego,
936 2498 1085 2562 sacratis·

70 2585 154 2651 sime
180 2587 372 2671 imperator,
399 2589 435 2652 in
458 2588 548 2652 tenui
577 2585 733 2651 beneficio
762 2586 898 2671 gradum
921 2606 1085 2669 nuncupa·

69 2675 171 2740 tionis
190 2675 376 2759 amplector.
413 2698 479 2742 non
500 2679 549 2742 est
568 2675 647 2740 haec
666 2674 772 2759 gloria
790 2675 905 2760 ignota
924 2671 1084 2740 Ciceroni:

70 2767 253 2848 praetorem
272 2785 337 2848 me,
356 2765 476 2850 inquit,
497 2764 635 2849 populus
655 2763 821 2829 Romanus
841 2763 981 2847 primurn
1001 2763 1085 2847 fecit,

70 2853 238 2918 consulem
261 2855 409 2938 priorem.
448 2875 485 2918 ex
509 2853 582 2937 ipsa
605 2853 674 2917 eius
698 2852 860 2917 sententia
881 2852 1085 2939 intellegitur
1099 2866 1139 2908 ³⁷⁶

70 2940 357 3007 commendabilius
386 2943 442 3006 uni
470 2941 574 3007 uideri
602 2963 697 3023 quam
725 2941 872 3025 pluribus
901 2962 972 3006 esee
994 2963 1085 3026 prae-

141 3103 195 3154 674
215 3096 311 3154 Cicero
330 3098 360 3152 in
378 3099 507 3154 Pisonem
524 3106 547 3165 1,
561 3104 592 3153 2:
611 3116 657 3154 me
729 3101 889 3168 praetorem
905 3098 1027 3168 primum

70 3169 192 3240 populus
206 3169 348 3224 Romnum
366 3168 491 3225 faciebat
509 3176 525 3224 3
543 3187 589 3224 me
605 3214 611 3226 .
627 3211 632 3224 .
649 3211 656 3224 .
670 3168 803 3225 uniuersa
821 3168 922 3224 ciuitas
941 3210 947 3225 .
963 3212 970 3226 .
985 3211 993 3224 .
1011 3168 1084 3240 prio-

70 3256 129 3295 rem
148 3241 293 3296 cumulem
312 3239 474 3296 declarauit.

140 3371 193 3422 661
213 3363 398 3435 quorumdam
417 3365 443 3420 G
459 3367 464 3432 Ι
484 3363 658 3420 siscitatione
679 3363 721 3432 ΤΙ
741 3364 915 3433 interogatus
935 3363 962 3417 Z
1032 3370 1084 3419 363

71 3435 175 3492 dixisti.
193 3435 236 3491 'Pu
255 3438 278 3491 6
296 3434 347 3505 qui
366 3436 392 3490 T
453 3441 505 3491 367
524 3434 753 3490 intelexerantG
816 3439 867 3490 666
886 3434 956 3489 mihi
988 3434 1044 3490 mei
1059 3436 1085 3490 θ

104 3513 159 3564 366
176 3508 276 3563 robore
298 3508 324 3562 Τ
335 3525 380 3575 pr.
399 3508 444 3576 a!
468 3508 677 3576 condempnans
696 3506 734 3561 Μ
784 3510 837 3560 364
855 3506 927 3560 alius
997 3507 1084 3562 alium

71 3577 147 3650 Tc}
171 3578 303 3634 foelicem
324 3579 350 3633 T
365 3594 416 3634 ora.
435 3578 462 3634 G
516 3583 568 3634 366
586 3578 782 3633 uerecundiam
804 3577 830 3633 G
883 3582 935 3632 367
956 3594 1085 3646 quorum·

71 3648 136 3706 darn
155 3649 211 3723 ΜΙ
226 3649 424 3705 uerecundiam
443 3649 468 3705 G
484 3652 489 3718 Ι
504 3648 665 3705 uoluistiG
718 3653 771 3705 366
790 3649 968 3718 scrupulosus
986 3650 1084 3703 Auca·

71 3723 125 3776 lisca
180 3726 233 3776 363
250 3737 395 3790 nunquam
414 3721 494 3791 Gla
535 3721 603 3776 etiui
622 3721 649 3773 Z
701 3726 753 3774 370
772 3719 831 3775 inte
852 3723 924 3775 retes
943 3719 982 3772 Μ
1031 3723 1083 3774 373

71 3790 172 3848 ,imo
226 3797 279 3850 676
297 3792 394 3848 nonZ
410 3810 475 3847 num
520 3793 623 3862 potetas
677 3797 729 3846 8⁷4
749 3807 802 3861 ‚pa
866 3790 918 3846 ,θ
972 3794 1024 3845 376
1042 3789 1083 3843 in·

71 3863 210 3990 inigiim
230 3864 262 3949 Z·
310 3868 362 3919 676
380 3862 430 3918 uui
450 3863 551 3934 Pcs'pcr
574 3863 600 3919 ei
619 3864 646 3916 Z
672 3861 700 3917 ei
717 3862 807 3918 uideri
825 3861 875 3916 nni
893 3877 978 3931 quarn
996 3860 1083 3932 pluri-

87 3952 122 3990 us
171 3951 295 3992 morsus
