2430 4274
536 544 751 610 „13-

136 686 264 754 Cretaei
286 685 421 770 pecoris.
462 685 542 751 haec
564 686 616 751 lac
637 687 838 750 memoretur
860 683 996 749 alumno

135 773 293 840 infudisse
315 773 388 840 Ioui
411 795 540 858 capra,
564 773 673 838 nutrix
696 773 782 838 dicta
804 772 963 838 tonantis.

137 863 304 948 stelligero
329 864 486 928 subuecta
507 863 583 946 polo
607 868 670 945 est,
693 861 747 926 ille
770 861 898 946 inpiger
920 863 1032 926 autem

66 968 118 1017 410
137 951 272 1037 pulcher
291 950 524 1016 Erichthonius
547 971 659 1016 currus
683 954 717 1015 et
738 951 894 1034 quattuor
915 949 998 1015 olim

138 1040 244 1105 iunxit
267 1044 382 1124 equos,
403 1060 525 1124 pronus
548 1038 603 1124 qui
625 1060 693 1104 non
715 1037 829 1123 procul
851 1038 887 1102 in
911 1037 1117 1124 geminorum

137 1128 233 1193 laeua
255 1126 342 1193 iacet
362 1126 500 1212 fusoque
523 1149 618 1210 super
641 1148 676 1193 sc
699 1147 835 1211 corpore
856 1125 966 1191 tendit

137 1216 296 1302 plurimus
319 1214 423 1301 adque
447 1214 576 1280 Helices
599 1219 697 1299 ceput
718 1215 894 1281 inclinatur
916 1215 960 1280 ab
984 1235 1050 1281 ore.

137 1305 192 1370 ille
211 1304 341 1388 quidem
359 1304 394 1368 in
414 1305 555 1388 spatium
569 1305 716 1369 membra
729 1302 880 1389 explicet,
897 1306 935 1367 ut
948 1324 1051 1387 capra
1063 1302 1147 1368 laeuo

65 1408 117 1457 413
136 1394 201 1457 fixa
223 1412 334 1456 umero
358 1392 443 1456 clare
467 1391 663 1475 sustollitur,
685 1393 788 1476 ipsius
811 1396 920 1457 autem

135 1481 199 1544 fine
223 1501 338 1545 manus
361 1501 481 1565 paruas
504 1480 713 1547 haedorum
736 1479 864 1564 suspice
886 1478 1048 1547 flammas.

136 1568 191 1652 qui
214 1570 390 1653 postquam
413 1567 541 1634 Oceano
567 1589 635 1634 sese
658 1568 828 1654 expediere
849 1590 987 1654 sonoro,

137 1677 236 1722 saeua
258 1656 450 1740 procellosis
472 1657 644 1723 inmittunt
665 1658 769 1723 fiabra
789 1657 933 1741 fluentis,

136 1748 173 1810 ut
196 1766 350 1829 spumosa
371 1745 455 1810 truci
479 1745 647 1829 pulsentur
669 1746 767 1812 litora
788 1745 889 1811 fluctu

66 1848 119 1898 420
138 1836 171 1898 et
193 1853 279 1918 uaga
302 1835 465 1899 caeruleas
488 1834 660 1899 inuoluunt
682 1856 824 1919 aequora
845 1855 984 1918 puppes.

181 1919 250 1986 Nec
272 1921 380 1986 minus
404 1922 537 2008 aurigae
561 1944 624 2007 qua
647 1927 725 1988 sunt
746 1923 888 2008 uestigia
910 1923 1017 2007 curui,

137 2010 296 2094 cornigeri
320 2009 386 2074 late
409 2011 587 2076 tenduntur
609 2015 741 2095 pectora
764 2012 879 2075 tauri

136 2097 203 2162 illic
228 2103 388 2162 saetosam
413 2099 540 2183 pecoris
563 2101 747 2185 perquirere
770 2100 911 2164 frontem

137 2190 206 2250 esto
231 2207 368 2268 memor,
391 2186 474 2254 flexo
497 2189 583 2252 iacet
605 2188 674 2253 illic
698 2210 802 2272 crure,
826 2188 969 2253 minaces

63 2290 115 2338 423
135 2274 169 2338 in
191 2277 311 2339 terram
334 2275 436 2359 figens
460 2276 581 2341 oculos.
622 2298 689 2341 non
711 2279 820 2341 cetera
843 2277 939 2361 signa

133 2362 337 2427 flammarum
361 2365 498 2428 similem
522 2367 636 2448 procul
658 2365 744 2429 inter
767 2363 873 2430 sidera
897 2364 1037 2430 formam

134 2455 298 2516 ostentare
321 2453 441 2516 ualent.
487 2454 618 2536 gemino
643 2453 689 2518 sic
712 2475 833 2519 cornua
855 2452 952 2519 ductu

135 2540 232 2625 erigit
256 2540 391 2605 aetherii
415 2542 509 2626 uigor
531 2542 619 2626 ignis
643 2546 677 2606 et
699 2542 784 2627 ignis
806 2542 969 2626 utrimque

135 2628 181 2692 sic
203 2629 343 2693 camuris
368 2629 459 2693 ardet
482 2630 715 2713 protractibus,
737 2629 818 2695 haut
841 2630 901 2696 tibi
925 2631 1030 2716 signis

63 2731 115 2781 430
134 2717 348 2801 perquirenda
371 2718 443 2783 aliis
467 2720 592 2801 pecoris
616 2717 704 2783 frons
729 2740 867 2802 aequore
892 2725 1006 2804 surget

134 2803 262 2869 Oceani.
307 2807 440 2890 proprio
463 2811 592 2870 taurum
615 2807 820 2891 deprenderis
845 2828 914 2890 ore,

203 2948 255 2997 401
276 2942 385 2998 Cretaei
403 2944 512 3013 pecoris
530 2961 546 2998 u
566 2943 648 2999 Creta
667 2945 726 3015 ipsc
746 2946 818 3001 coris
839 2944 960 3019 VCrete
980 2945 1040 3016 ipsc
1060 2945 1141 3001 choris

132 3013 159 3066 A
183 3012 283 3069 Cretei
307 3014 414 3083 pecoris
437 3032 451 3069 e
473 3017 483 3084 l
505 3015 576 3070 haec
599 3032 615 3070 u
637 3015 684 3069 hic
712 3014 781 3071 VAe
862 3021 915 3070 409
939 3019 984 3072 sst
1007 3017 1034 3071 V
1054 3016 1140 3073 ootl

131 3088 185 3166 413
203 3083 404 3141 Erichthonius
423 3086 450 3139 A
468 3085 629 3141 Erictonius
649 3085 679 3169 ,V
758 3094 808 3142 411
828 3086 920 3170 innuit
944 3087 971 3140 V
987 3088 1079 3159 iungit
1095 3090 1120 3142 A

131 3156 1142 3300 33333333312333341331343333333

131 3314 159 3351 u.
182 3302 239 3353 421
262 3300 426 3355 inscribitur
444 3298 591 3355 TAVRVS
616 3298 667 3353 VA
740 3305 793 3354 423
816 3303 956 3355 saetosam
982 3303 1090 3357 erras·
1109 3317 1143 3354 se·

131 3376 243 3422 tonsum
267 3370 293 3424 V
308 3375 428 3426 setosam
446 3371 475 3424 A
547 3376 600 3425 423
619 3371 707 3440 figens
726 3372 753 3425 A
772 3371 879 3440 lingens
904 3370 956 3439 Vl
977 3388 1033 3427 non
1051 3371 1144 3441 scripsi

131 3440 166 3505 cf.
186 3439 300 3495 Hermes
319 3442 394 3495 XII
408 3459 438 3510 p.
458 3446 512 3497 153
530 3459 558 3495 rs.
577 3447 615 3497 18
634 3445 694 3496 tum
719 3441 789 3497 VAe
860 3447 912 3497 423
936 3442 1020 3511 uigor
1038 3442 1144 3498 Grotiru

130 3508 208 3578 rigor
236 3508 289 3564 VA
378 3517 431 3567 429
455 3512 495 3566 sic
520 3512 638 3566 camuris
660 3530 677 3567 o
701 3512 788 3568 Sicos
812 3514 898 3567 muris
928 3512 999 3567 Vsi
1023 3514 1144 3583 (correurl

129 3596 163 3633 m.
185 3581 212 3647 1)
233 3580 373 3636 chamuris
391 3584 418 3636 A
439 3583 468 3638 Si
487 3583 606 3638 camuris
625 3601 639 3637 c
656 3585 666 3652 fl
683 3583 754 3638 haut
771 3584 879 3640 correxi
897 3583 965 3639 audi
982 3584 1010 3639 V
1028 3588 1078 3640 aut
1095 3587 1120 3638 A
1136 3585 1144 3647 l!

129 3648 183 3703 tibi
209 3649 290 3705 Vibi
309 3653 337 3705 A
401 3659 454 3708 430
473 3654 535 3709 aliis
553 3654 662 3724 pecoris
688 3654 792 3709 Valiis
810 3655 853 3709 fro
872 3655 984 3723 (deleuit
1001 3673 1036 3710 m.
1055 3659 1082 3724 1)
1100 3670 1143 3725 pe

130 3720 202 3774 coris
220 3721 248 3774 A
271 3724 281 3790 l
304 3739 425 3790 aequore
444 3728 540 3793 surget
557 3727 585 3779 A
604 3742 694 3794 aequo
713 3727 841 3796 resurget
865 3726 891 3779 V
960 3731 1012 3781 431
1034 3727 1142 3797 depren-

128 3788 203 3844 deris
221 3807 238 3845 c
257 3791 386 3862 dep‘deris
410 3794 437 3849 V
453 3795 669 3865 deprehenderis
686 3797 714 3852 A
733 3795 956 3867 deprehenderis
975 3815 990 3853 c
