2430 4274
56 727 87 769 ιι.
111 703 178 772 675
207 723 319 786 expers
348 725 499 770 caesurae
527 709 586 770 est.
631 706 666 770 in
689 707 822 791 reliquis
845 711 958 774 tamen
980 710 1076 774 rebus

57 813 189 877 prorsus
222 792 288 856 alia
320 797 370 857 est
404 793 549 865 condicio
582 794 659 860 libri
686 795 806 862 Aldini.
856 819 961 882 neque
990 798 1077 864 enirn

57 880 201 946 dubitari
225 881 320 945 debet
306 882 432 966 t‚quin
451 882 508 947 ille
528 884 772 948 emendatorum
791 907 907 950 manus
927 891 1076 971 expertus

58 970 103 1036 ait
138 966 192 1055 (cf.
220 969 356 1034 Hermes
385 969 512 1055 XIIp.
542 972 606 1037 155
636 995 667 1036 n
694 973 737 1037 22
765 995 795 1057 p.
828 974 889 1039 157
918 996 949 1041 ιι.
973 975 1017 1040 25
1044 981 1078 1041 et

56 1079 166 1145 progr.
190 1058 259 1123 arf.
282 1082 314 1143 p.
336 994 502 1146 VIsq..)p

147 1145 258 1211 Etiam
291 1147 510 1213 emendatiora
540 1149 639 1214 uerba
666 1153 782 1251 poetae
809 1150 986 1215 reddidisse
1014 1152 1077 1216 sibi

57 1237 148 1301 uisus
168 1239 219 1300 est
237 1233 421 1300 loachimns
441 1236 612 1302 Perionius
612 1238 694 1322 ,qui
714 1236 873 1324 Vergilii,
895 1238 1078 1306 Germanici

58 1323 208 1390 Caesaris
228 1327 260 1388 et
273 1323 348 1388 Rufi
363 1324 481 1389 Auieni
502 1327 654 1407 carmina,
672 1327 713 1391 iis
733 1327 961 1411 respondentia
973 1327 1077 1411 Arati,

61 1434 144 1498 quae
158 1435 178 1478 a
190 1411 344 1477 Cicerone
359 1435 516 1479 conuersa
529 1414 774 1480 interciderunt’
789 1438 876 1481 anno
885 1415 1078 1481 MDXXXX

60 1500 195 1566 Parisiis
215 1502 309 1565 amitt
280 1502 393 1566 ttenda
411 1504 547 1568 curauit.
587 1504 678 1567 cuius
696 1504 851 1569 lectiones
871 1526 944 1569 cnm
963 1505 1003 1570 ab
1020 1505 1078 1569 Al-

61 1589 146 1655 dinis
170 1611 267 1673 saepe
286 1590 463 1674 discedant,
485 1595 555 1655 tum
575 1591 769 1675 aliquotiens
791 1598 987 1676 concrepant
1005 1614 1078 1658 cnm

62 1678 171 1744 codice
194 1677 426 1762 Ambrosiam,
454 1680 546 1744 uelut
567 1702 598 1744 ιι.
624 1681 710 1744 1664
733 1681 822 1745 etin
850 1681 912 1745 hoc
939 1682 1022 1746 libro
1046 1685 1079 1746 et

61 1766 149 1850 apud
162 1766 348 1832 Perionium
368 1772 418 1832 est
437 1788 585 1833 saeuus.
622 1790 726 1852 neque
745 1772 854 1833 tamen
871 1769 926 1833 ille
941 1770 1079 1834 multum

60 1854 206 1940 perfecit.
256 1856 372 1920 melina
402 1860 510 1921 autem
538 1857 666 1921 Auieno
701 1858 864 1922 consuluit
897 1857 1077 1922 Guilelmus

61 1943 226 2026 Morelius,
249 1945 304 2028 qui
327 1966 413 2009 anno
432 1944 623 2010 MDLVIIII
642 1946 783 2028 primum
802 1945 921 2009 Auieni
940 1946 1079 2011 Aratum

62 2054 136 2100 cum
160 2032 264 2097 Arato
287 2033 358 2117 ipso
376 2032 511 2098 Parisiis
535 2034 670 2098 excudit.
706 2035 774 2098 eius
793 2034 940 2117 uestigiis
959 2034 1080 2099 institit

63 2120 252 2186 Theodorus
276 2120 504 2205 Graminaeus‚
527 2124 618 2188 cuius
641 2123 724 2188 liber
748 2145 833 2188 anno
856 2121 1080 2188 MDLXVIIII

27 2233 44 2272 v
63 2207 218 2276 Coloniae
241 2210 363 2293 prodiit
381 2208 435 2296 (cf.
453 2211 567 2294 Buhle,
589 2212 680 2276 Arat
699 2210 716 2274 Ι
735 2233 765 2294 p.
784 2209 902 2297 XXII)
939 2211 1079 2276 Manutii

63 2301 173 2364 autem
196 2303 229 2363 et
247 2296 375 2364 Morelii
398 2320 498 2383 opera
520 2321 602 2383 quae
625 2300 660 2364 in
678 2299 808 2364 Arateis
832 2303 925 2365 erant
943 2303 1078 2385 mutata,

62 2409 101 2452 ea
124 2386 194 2451 fere
217 2388 327 2452 omnia
350 2387 391 2452 ab
412 2388 570 2471 omnibus,
594 2409 676 2473 quae
695 2391 809 2471 postea
827 2388 885 2451 illa
903 2387 1079 2474 ediderunt

62 2479 142 2541 sunt
163 2479 302 2560 recepta.
340 2477 387 2541 sic
405 2476 540 2561 uulgata
558 2476 716 2560 quaedam
735 2477 894 2561 poematis
913 2477 1078 2561 memoria,

63 2585 135 2629 cum
158 2564 290 2629 illorum
311 2566 454 2630 uiromm
473 2565 587 2630 studiis
607 2570 680 2629 orta
698 2569 791 2647 esset,
814 2586 916 2649 usqne
935 2564 975 2629 ad
994 2565 1078 2631 hanc

62 2655 204 2717 aetatem
222 2657 406 2739 propagata
423 2657 482 2718 est
511 2677 531 2718 a
545 2675 610 2736 qua
623 2654 678 2737 qui
693 2675 776 2719 anno
791 2651 1079 2718 MDLXXXVIIII

62 2740 238 2806 editionem
252 2739 548 2806 Sanctandreanam
564 2743 742 2824 cremauit,
756 2742 822 2807 iam
835 2763 902 2807 ιιοιι
916 2741 1080 2810 abhorret.

61 2849 102 2893 ne
117 2826 251 2894 Grotius
271 2830 400 2914 quidem
420 2830 508 2895 aliud
525 2830 774 2895 fundamentum
792 2830 954 2914 poematis
971 2852 1078 2895 emen·

61 2917 161 2982 dandi
179 2939 300 3001 ponere
320 2919 451 2983 studuit.
489 2941 686 3003 quamquam
705 2919 804 2984 homo
818 2919 896 2983 ille'
887 2920 1077 3004 mgeniosus

72 3010 282 3071 uursextam
310 3026 458 3092 egressus
483 3007 661 3073 trieterida'
685 3008 848 3073 Auienum
872 3005 1080 3092 syntagmati

61 3094 249 3247 tutti
263 3093 849 3269 tltttttlttttsslltt
863 3096 1081 3268 tltttt

60 3270 154 3336 illum
173 3272 305 3338 Arateis
329 3293 461 3357 operam
483 3272 651 3338 nauabant
674 3294 755 3356 quae
775 3271 909 3337 Grotius
929 3273 1080 3337 emenda·

13 3422 17 3427 .
59 3363 154 3424 uerat
185 3361 354 3445 repetiisse
387 3362 468 3426 satis
500 3360 666 3425 haberent.
721 3361 754 3424 id
785 3360 932 3424 fecerunt
964 3359 1079 3425 Petrus

60 3446 183 3513 Melian
203 3447 247 3533 (a.
264 3447 525 3603 MDOXXXIQ‚
547 3449 684 3513 Ioannes
704 3447 810 3513 Buhle
829 3446 873 3535 (a.
890 3446 1079 3534 MDOOOI),

60 3534 97 3602 F.
117 3533 153 3601 0.
171 3536 331 3602 Matthiae
355 3537 399 3625 (a.
416 3537 482 3602 MD

60 3624 123 3690 bus
155 3647 260 3710 nuper
287 3625 498 3691 disseruimus
526 3625 579 3708 (cf.
608 3647 718 3712 progr.
745 3626 815 3692 Eri.
843 3650 873 3711 p.
896 3623 1000 3711 vm).
1045 3628 1081 3689 at

60 3713 167 3780 multo
186 3714 262 3798 plus
280 3715 454 3779 ualuerunt
472 3714 513 3779 ad
527 3714 690 3780 Auienum
704 3716 938 3781 restituendum
953 3712 1079 3779 Nicolai

60 3800 190 3870 Heinsii
219 3803 476 3888 emendationes,
503 3825 586 3889 quae
609 3802 815 3889 Syntagmati
840 3802 997 3868 Grotiano
1025 3800 1079 3865 ad·

511 3535 685 3622 CCXVII),
709 3560 848 3623 quornm
872 3538 910 3603 de
932 3536 1080 3602 editioni·
