2430 4274
496 555 733 622 -261-

109 735 172 800 ego
199 713 280 778 haec
307 714 402 779 annis
429 714 518 779 illius
547 715 652 799 magis
681 736 777 798 quam
807 717 888 782 meis
921 717 1037 801 scripsi
1070 721 1128 785 aut

108 801 252 868 fortasse
275 805 308 866 et
330 802 425 867 meis:
448 799 501 879 δὶς
518 803 635 880 παῖδες
654 803 690 868 oi
705 801 869 889 γέροντες.
901 804 942 870 ad
965 827 1126 873 summam

109 891 222 956 ualeat
248 891 421 956 austeritas
450 895 521 956 tua:
553 891 634 956 mihi
667 914 740 957 cum
773 892 897 959 infante
926 895 1024 974 [ratio
1052 897 1127 976 est].

111 981 198 1058 nale,
221 978 268 1042 lili
291 978 486 1044 dulcissime.

66 1158 117 1205 ³82]
395 1156 442 1202 AD
465 1155 633 1204 NEPOTEM
656 1155 844 1206 AVSONIW·

112 1243 196 1310 Sunt
218 1243 318 1310 etiam
340 1244 441 1309 musis
465 1266 524 1309 sua
545 1244 683 1310 ludicra:
706 1246 809 1312 mixta
833 1249 976 1312 camenis

112 1332 189 1398 Otia
210 1337 303 1415 sunt,
324 1332 449 1397 mellite
472 1353 587 1418 nepos3
609 1356 668 1399 nec
692 1348 818 1418 semper
841 1337 949 1401 acerbi

110 1421 252 1487 Exercet
273 1442 391 1505 pueros
414 1443 479 1487 uox
500 1422 677 1505 imperiosa
700 1424 863 1509 magistri,

112 1509 170 1576 Set
192 1509 303 1594 requie
327 1509 489 1594 studiique
512 1510 600 1575 uices
622 1514 695 1575 rata
717 1514 868 1596 tempora
891 1517 1032 1578 seruant.

110 1597 158 1664 Et
180 1598 261 1663 satis
284 1600 335 1663 est
356 1620 457 1682 puero
480 1599 615 1664 memori
637 1599 757 1684 legisse
780 1600 932 1684 libenter,
1108 1614 1124 1665 t

110 1687 158 1753 Et
180 1680 305 1752 desem
328 1685 412 1752 licet.
449 1685 549 1752 Graio
573 1687 687 1753 schola
708 1688 839 1753 nomine
863 1688 950 1753 dicta
973 1693 1038 1771 est,

111 1775 205 1841 Iusta
226 1775 411 1840 laboriferis
434 1776 620 1841 tribuantur
642 1778 681 1840 ut
703 1776 772 1841 otia
795 1777 906 1841 musis.

112 1862 184 1938 Quo
207 1865 315 1949 magis
339 1863 499 1929 alternum
522 1869 628 1930 certus
653 1863 821 1930 succedere
843 1865 956 1930 ludum

110 1950 208 2017 Disce
231 1952 350 2017 libens:
374 1953 510 2038 longum
533 1951 708 2018 delinitura
730 1953 875 2018 laborem

110 2039 291 2106 Interualla
313 2041 436 2107 damus.
473 2041 615 2106 studium
638 2042 762 2125 puerile
784 2042 922 2121 fatiscit,
1092 2057 1125 2107 10

111 2127 216 2194 Laeta
237 2129 303 2193 nisi
325 2130 464 2194 austeris
488 2130 667 2214 uariantur,
689 2131 775 2196 festa
796 2131 962 2214 profestis.

111 2216 209 2283 Disce
233 2218 352 2282 libens:
375 2218 483 2283 tetrici
506 2240 566 2283 nec
588 2220 807 2304 praeceptoris
830 2220 976 2285 habenas

112 2305 297 2384 Detestere,
319 2328 430 2390 nepos.
467 2328 643 2391 numquam
668 2307 798 2372 horrida
819 2309 925 2373 forma
948 2307 1107 2393 magistri.

185 2485 219 2533 22
239 2478 327 2535 Vurro
345 2479 469 2550 Menipp.
489 2486 521 2534 ol
538 2480 568 2537 B.

112 2591 325 2598 ----.-

184 2643 218 2691 21
238 2637 338 2693 scribsi
362 2637 388 2692 V
453 2644 487 2692 22
506 2639 577 2693 meis
596 2638 728 2707 (spatium
744 2654 792 2693 sex
809 2639 865 2705 fere
883 2639 946 2706 titt.)
966 2645 1146 2706 inornant-

112 2726 293 2764 orrasonaaca
317 2709 343 2762 V
368 2708 482 2764 moissi
502 2710 852 2764 nrcnusncorraronrscP
881 2708 951 2764 meis
969 2707 1048 2762 dicas
1065 2711 1126 2762 selc-

111 2779 324 2849 daoosaipocsso
342 2780 397 2849 (dle
414 2782 477 2849 om.)
497 2780 523 2834 G
549 2777 620 2834 meis
644 2779 723 2834 dicas
745 2796 1014 2848 pnirsawrrseonnsc
1037 2778 1126 2834 Vatis.

111 2856 189 2908 3152
208 2852 278 2906 meis
297 2850 375 2905 dicas
393 2853 498 2921 praecia
512 2852 618 2906 mutuis
637 2852 703 2920 (duo
715 2852 827 2906 dimidii
839 2867 935 2906 cerm
948 2851 1034 2906 uacui
1047 2850 1079 2906 iu
1091 2848 1127 2920 T)

114 2922 192 2992 TLl
212 2938 321 2977 sumam
339 2922 447 2976 ualeat:
466 2924 497 2976 at
514 2922 551 2977 al.
570 2923 602 2976 in
619 2938 675 2977 rue.
700 2922 727 2976 V
796 2928 829 2977 23
848 2922 916 2977 mici
929 2922 984 2991 Vl
1002 2922 1127 2977 instante

111 2993 171 3049 Lo
202 2993 296 3048 istana
314 2992 362 3058 ΤΙ
391 2992 465 3048 ratio
489 2992 533 3047 est
555 2994 619 3049 odd.
640 2993 667 3047 Z
688 3009 738 3049 om.
764 2992 822 3046 VP
844 2995 873 3062 (†
892 2995 924 3048 in
942 3008 1027 3064 morp.
1048 2991 1087 3062 P)

112 3062 209 3120 2431
228 3063 293 3119 licit
309 3063 383 3134 epl'a
403 3064 431 3117 P

184 3083 229 3190 Ad
247 3139 380 3204 nepotem
399 3133 554 3189 Ausonium
577 3133 604 3188 V
636 3133 738 3206 Incipit
760 3151 960 3191 neorrsurnroc
983 3134 1019 3188 ad
1038 3134 1127 3188 Auso·
1142 3132 1207 3201 VP,

111 3206 190 3261 nium
212 3209 345 3287 nepotem
367 3205 395 3258 P
430 3205 474 3259 Ad
492 3209 624 3274 nepotem
643 3204 783 3261 Ausonius
806 3207 842 3261 de
865 3205 959 3261 studio
982 3204 1084 3274 puerili
1103 3204 1130 3258 Z

111 3277 159 3347 (de
187 3277 282 3332 studio
309 3276 412 3346 puerili
439 3292 489 3331 oen.
514 3275 553 3343 L)
594 3274 704 3332 Mellito
732 3277 829 3361 nepoti
855 3275 995 3331 Ausonius
1019 3292 1040 3345 p
1069 3274 1129 3345 (qui

111 3366 160 3403 uu.
180 3353 270 3403 1-17
289 3353 313 3402 et
331 3351 448 3403 26-28
466 3347 556 3415 babet)
632 3353 645 3400 1
664 3348 782 3429 ludrijoa
801 3347 852 3420 ΡΙ
878 3346 1018 3401 camoenis
1038 3345 1092 3402 Tc

111 3426 128 3474 2
149 3419 210 3473 otia
226 3419 317 3486 mista
336 3421 401 3472 sunt
418 3418 447 3472 P
478 3433 567 3487 nepus
588 3417 745 3488 Placatur
763 3419 791 3473 V
842 3425 858 3473 3
877 3434 979 3489 pueros
997 3433 1048 3473 om.
1068 3417 1095 3472 V

111 3490 205 3562 laet]
230 3488 279 3559 Vl
303 3491 414 3559 requies
469 3489 540 3542 P⁸Z
557 3504 626 3543 corr.
642 3488 728 3558 Tou}
752 3506 817 3544 rara
840 3490 882 3544 V?
903 3493 907 3553 Ι
932 3489 1046 3544 serbant
1068 3487 1095 3541 V

111 3566 128 3616 b
147 3561 275 3616 lebenter
296 3559 332 3614 V¹
387 3565 404 3614 t
422 3562 546 3614 cessaret
563 3559 609 3628 Pl
624 3561 707 3629 gram
725 3560 769 3624 ΖΙ
793 3560 870 3616 scola
891 3560 978 3615 VPT
995 3558 1057 3615 sola
1075 3558 1101 3612 L
1120 3558 1125 3627 l

110 3633 228 3688 nomina
251 3632 295 3701 Vl
320 3630 375 3702 est]
396 3632 446 3686 litt.
467 3647 496 3684 es
515 3631 552 3685 al.
571 3647 652 3686 reeca
674 3631 702 3685 V
771 3638 786 3686 7
805 3631 962 3687 laboriferis
981 3630 1007 3683 L
1027 3631 1032 3698 Ι
1054 3630 1127 3684 otia:

111 3720 181 3758 oen
200 3719 217 3756 a
235 3704 280 3758 uel
298 3721 317 3756 u
336 3703 372 3757 al.
393 3701 419 3754 V
471 3706 488 3757 8
506 3700 583 3770 quod
602 3701 628 3755 V
680 3709 696 3757 9
715 3701 868 3758 delinitura
887 3703 912 3758 V
929 3702 1089 3757 delimitura
1103 3698 1132 3752 P

111 3773 271 3830 delenitura
291 3774 318 3827 Z
337 3773 508 3840 (delenitura
525 3772 563 3839 L)
629 3778 733 3827 10-12
752 3791 802 3830 om.
828 3775 854 3826 V
917 3780 949 3827 10
967 3770 1082 3826 fatescit
1101 3770 1129 3822 P

163 3851 196 3900 12
215 3842 362 3914 prophetis
383 3843 409 3897 T
478 3850 510 3896 13
530 3844 639 3898 destere
660 3843 685 3898 Τ
711 3845 896 3900 destetereG
923 3843 1054 3898 detistere
1072 3840 1099 3893 L
1122 3839 1125 3910 l

110 3933 201 3986 nepus
222 3915 269 3985 Pl
286 3914 380 3970 orrida
397 3914 455 3968 VP
472 3915 552 3980 (leuis
570 3931 672 3970 rasura
689 3931 771 3986 super
789 3922 825 3971 a?
849 3915 887 3984 V)
904 3917 908 3982 Ι
930 3921 993 3985 mgr
1014 3911 1039 3965 Τ
