2430 4274
451 574 494 582 -
539 552 615 601 xvn
663 572 702 583 -

64 680 151 746 haud
172 700 288 763 purum
308 679 439 764 arridet,
461 681 571 744 tumen
589 679 675 764 quod
693 679 813 744 Auieni
831 678 908 744 libri
926 679 1085 763 praebent

63 766 313 853 prseiersndum
336 788 408 833 esse
429 788 555 834 eenseo.
599 788 676 832 nem
695 765 1016 833 Lacedaemoniis
1034 769 1083 834 ui-

64 857 160 923 detur
182 876 252 922 esse
275 878 370 922 ossus
392 856 518 941 tertius,
539 858 576 920 ut
595 878 665 921 eam
684 877 798 922 uooem
817 860 950 922 auctore
968 855 1083 922 (irretio

64 967 138 1012 eum
161 944 358 1029 Aphidnis
381 945 534 1030 coniungi
557 965 689 1011 neeesse
712 967 779 1010 non
802 946 854 1010 sit

153 1033 224 1099 lum
250 1056 328 1099 uero
355 1034 419 1118 illi,
447 1034 503 1119 qui
531 1056 561 1099 u.
584 1033 651 1098 582
678 1054 734 1099 sex
762 1034 850 1099 solus
873 1054 892 1098 e
914 1034 1082 1099 Pleiadum

62 1143 199 1189 numero
223 1123 312 1188 eerni
339 1123 482 1188 osrmine
510 1122 644 1206 adserit,
674 1144 795 1188 nomen
822 1126 873 1188 est
896 1121 1082 1209 Minthes,

63 1211 150 1297 quod
173 1215 260 1277 reete
281 1211 418 1295 praebet
446 1211 481 1296 V,
503 1232 571 1276 non
594 1210 793 1296 Myuthes,
816 1212 903 1296 quod
926 1211 1082 1296 seriptum

64 1299 177 1366 estin
203 1299 249 1385 A,
281 1302 340 1364 uut
366 1301 556 1384 Amyntas
588 1302 645 1364 sut
672 1297 912 1384 Smintheus,
944 1321 1082 1385 quorum

62 1387 231 1455 nominum
253 1387 336 1453 illud
359 1387 400 1454 N.
421 1387 591 1473 Heinsius,
616 1388 679 1453 hoe
702 1387 727 1454 L
751 1385 993 1455 Sehuubuehius
1017 1389 1080 1455 sibi

63 1476 270 1563 mengitsuit
301 1476 451 1542 Mintheu
470 1480 578 1542 sutem
597 1497 668 1542 esse
681 1477 828 1561 eundem,
847 1478 902 1563 qui
916 1476 1081 1543 Smintlres

63 1569 161 1650 esset,
182 1565 248 1631 ium
272 1565 314 1630 sb
339 1566 411 1631 aliis
433 1566 636 1630 intellectum
660 1568 710 1630 est
732 1567 772 1631 of.
792 1564 827 1631 Ο.
845 1566 979 1652 ltebert,
1001 1566 1082 1632 liro·

61 1653 206 1720 tosthen.
229 1657 380 1719 estsster.
402 1654 496 1740 reliq.
518 1677 549 1739 p.
573 1653 616 1719 28
632 1674 678 1738 sq.

151 1740 258 1808 Venio
290 1742 332 1808 sd
363 1763 419 1808 eos
451 1743 556 1826 loeus,
590 1763 671 1827 quos
704 1742 877 1809 mutandos
909 1763 980 1809 esse
1008 1745 1081 1827 ipse

62 1830 178 1897 sentio.
223 1831 285 1896 etsi
308 1832 343 1896 in
364 1831 522 1917 products
545 1831 672 1916 syllaba
694 1831 802 1915 priore
825 1832 978 1897 uoesbuli
1001 1838 1081 1898 stu-

60 1919 145 2004 tim,
166 1923 339 2004 postquam
363 1940 401 1985 es
422 1920 462 1985 de
479 1942 513 1985 rs
532 1920 713 2003 disputsuit
731 1917 912 1985 Friderious
929 1920 1079 1986 Ritsehe·

61 2007 126 2073 lius
148 2007 184 2072 iu
207 2028 246 2074 eo
268 2007 388 2092 libello,
412 2009 467 2094 qui
485 2007 673 2074 inscribitur
691 2008 731 2072 de
750 2009 906 2074 fictilibus
925 2009 1080 2076 litteratis

61 2094 189 2162 Latinis
218 2097 451 2181 antiquissimis
475 2095 607 2183 (Opuse.
629 2095 678 2161 IV
700 2120 732 2182 p.
755 2097 821 2162 274
835 2095 933 2184 sqq),
961 2098 1080 2164 offendi

59 2205 128 2251 nou
146 2185 252 2270 debet,
269 2189 381 2250 tumen
395 2208 429 2251 u.
445 2186 509 2251 398
528 2189 716 2271 corruptum
735 2206 806 2251 esse
820 2185 980 2252 existimo.
1002 2208 1078 2252 num

60 2274 96 2339 in
111 2272 173 2339 hos
191 2292 290 2340 uersu
307 2278 418 2339 mouet
436 2295 488 2339 me
506 2295 607 2339 unum
624 2273 713 2358 illud,
732 2274 819 2360 quod
838 2277 972 2340 stetim
984 2276 1080 2340 unius

60 2361 214 2429 editionis
239 2361 397 2428 Aldinw
410 2363 604 2429 auctoritate
635 2362 808 2447 probatum
839 2362 1011 2448 hebemus3
1044 2364 1080 2428 iu

59 2449 156 2517 libris
193 2454 303 2516 sutem
334 2472 434 2517 msnu
467 2452 597 2536 scriptis
630 2455 663 2516 et
693 2451 729 2515 iu
761 2451 903 2517 editione
934 2453 1079 2537 prinoipe

32 2542 33 2546 ’
61 2539 219 2623 seriptum
241 2543 292 2605 est
314 2540 437 2606 statio
466 2540 640 2625 mergite.
672 2540 770 2624 quod
780 2561 851 2605 eum
877 2561 989 2607 uerum
1008 2561 1079 2606 esse

61 2631 219 2713 nequest,
245 2629 374 2695 hsesite
401 2650 444 2694 uu
469 2650 543 2694 oum
565 2628 606 2695 N
627 2626 766 2693 Heinsio
790 2627 996 2694 scribendum
1020 2631 1078 2695 sit.

141 2718 361 2783 minorisa
385 2715 482 2783 Ceres
507 2717 717 2782 straticum
740 2717 877 2841 mergite
900 2717 999 2784 culmi

143 2806 352 2872 construitur.

150 2893 236 2972 Quid
258 2916 337 2960 uero
359 2895 422 2961 sibi
446 2896 529 2960 uelit
551 2917 581 2960 u.
603 2894 679 2980 819,
701 2915 768 2960 non
790 2894 1078 2981 intellegentem

58 2985 168 3067 poete,
177 2985 332 3068 quonism
346 2985 460 3050 stelles
474 2985 550 3051 illus
565 2985 652 3050 inter
666 2986 772 3049 eetum
782 2987 816 3049 et
825 2985 1079 3070 gubemeeulum

58 3071 156 3136 nouis
182 3073 243 3138 sub
275 3073 385 3157 lepore
416 3074 542 3158 positus
574 3077 607 3138 et
637 3072 761 3138 iormse
792 3074 998 3157 nominisque
1027 3097 1079 3140 ex-

58 3163 170 3245 peltes
197 3160 296 3226 simili
323 3161 395 3228 luce
422 3183 494 3228 esse
520 3165 555 3227 et
578 3163 650 3246 peri
672 3162 770 3227 modo
793 3183 831 3226 se
853 3163 977 3245 puriter
999 3164 1078 3228 oriri

59 3252 94 3315 et
117 3248 261 3316 oecidere
285 3251 442 3336 exposuit,
466 3250 557 3316 uddit
572 3251 663 3333 haee,
685 3270 767 3333 quse
785 3250 834 3315 its
852 3254 929 3314 sunt
947 3250 982 3314 in
1006 3250 1077 3317 VA:

109 3357 170 3403 nee
193 3341 393 3424 expectanda
416 3340 523 3406 forent
544 3343 645 3423 ponto
668 3336 754 3422 quod
779 3338 849 3402 sols
871 3342 1026 3403 carerent.

57 3424 177 3512 quodsi
203 3427 276 3513 ills,
304 3448 387 3514 quse
414 3430 455 3495 sb
479 3429 605 3494 Auieuo
632 3425 755 3492 traditu
782 3444 852 3491 esse
879 3426 975 3492 modo
1001 3427 1078 3510 dixi,

56 3516 296 3602 reputsuimus,
329 3517 417 3583 haud
445 3518 513 3583 seio
542 3539 584 3583 uu
612 3508 825 3600 suspicemur,
856 3536 929 3580 eum
956 3539 987 3583 u.
1010 3477 1078 3582 819'

56 3602 164 3669 ‹lieere
191 3606 348 3691 uoluisse,
376 3627 448 3672 cum
474 3628 528 3672 res
555 3606 604 3671 its
631 3627 666 3670 se
690 3604 840 3689 haberet,
867 3605 940 3670 illus
963 3605 1075 3669 stellas

57 3690 177 3778 dignus
199 3695 284 3779 fore,
312 3716 395 3780 quoe
418 3698 643 3780 spectarentur
665 3699 699 3758 et
721 3693 985 3777 obseruarentur,
1012 3694 1076 3757 uisi

56 3780 167 3848 forms
193 3745 284 3850 serti
305 3788 462 3850 errorent
507 3805 546 3850 ex
568 3783 616 3850 eis
639 3787 761 3868 sutem,
789 3803 870 3867 quse
892 3782 1063 3847 nobistru

113 3896 298 3940 ιιιιιιιιιιιι
312 3897 463 3951 ιιιιιιιιιιι,
894 3887 921 3940 u
