2430 4274
534 514 776 580 „140-

146 675 271 742 Addam
295 675 465 760 praesidiis
489 673 660 740 dubiarum
682 672 813 738 condite
834 694 955 751 rerum,

146 762 210 830 Sed
233 764 330 829 modo
354 764 474 829 securis
496 784 563 830 non
586 770 707 846 castra,
730 761 787 826 sed
809 761 926 826 horrea
947 760 1075 847 Belgis3

145 852 274 918 Addam
296 852 408 917 felices
430 853 503 936 ripa
526 857 574 916 ex·
587 853 724 936 utraque
747 851 879 915 colonos

144 941 253 1025 Teque
274 941 360 1006 inter
382 939 506 1006 medios
528 939 760 1023 hominumque
783 937 945 1024 boumque
968 938 1098 1004 labores

145 1026 369 1114 Stringentem
392 1028 481 1113 ripas
505 1033 538 1093 et
560 1027 696 1113 pinguia
718 1026 808 1091 culta
830 1031 1003 1093 secantem.
1107 1043 1161 1093 464

144 1117 220 1183 Non
242 1117 305 1182 tibi
327 1137 362 1183 se
384 1115 484 1201 Liger
507 1115 678 1199 anteferet,
701 1136 768 1180 non
790 1116 908 1179 Axona
929 1136 1098 1201 praeceps,

144 1204 296 1270 Matrona
317 1226 398 1287 non,
422 1204 525 1269 Gallis
549 1203 659 1288 Belgis
683 1225 722 1268 ue
746 1203 896 1268 intersita
918 1204 1007 1289 finis,

145 1290 319 1359 Santonico
342 1293 462 1357 refluus
484 1314 550 1357 non
573 1292 643 1376 ipse
661 1226 871 1357 hamanus
894 1296 994 1357 aestu.

145 1379 309 1446 Concedes
333 1380 441 1466 gelido
464 1379 590 1445 Durani
612 1379 651 1444 de
675 1383 785 1444 monte
808 1379 940 1445 uolutus

145 1469 262 1534 Amnis
285 1474 319 1534 et
342 1469 517 1534 auriferum
540 1472 716 1554 postponet
739 1466 847 1532 Gallia
870 1467 998 1532 Tamen
1107 1484 1161 1534 466

145 1554 365 1642 Insanumque
387 1578 486 1623 ruens
509 1578 567 1641 per
590 1578 669 1621 saxa
691 1556 836 1621 rotantia
858 1558 923 1621 late

143 1643 184 1710 In
206 1667 295 1711 mare
317 1667 526 1730 purpureum,
555 1644 703 1709 dominae
726 1650 838 1709 tamen
861 1650 936 1709 ante
960 1643 1115 1709 Mosellae

144 1732 285 1799 Numine
309 1733 459 1818 adorato,
481 1732 683 1798 Tarbellicus
707 1732 769 1797 ibit
791 1734 940 1798 Aturrus.

190 1819 348 1906 Oomiger
370 1826 519 1887 externas
542 1821 733 1886 celebrande
755 1820 894 1886 Mosella
917 1843 976 1904 per
997 1841 1087 1904 oras,

144 1908 215 1974 Nec
238 1911 318 1976 solis
342 1908 530 1975 celebrande
554 1909 650 1991 locis,
672 1909 728 1974 ubi
750 1908 841 1973 fonte
865 1931 1015 1992 supremo
1105 1925 1159 1975 414

144 1996 262 2062 Exeris
287 2003 435 2063 auratum
458 1999 608 2063 taurinae
632 1997 750 2063 frontis
776 1996 946 2080 honorem,

145 2085 256 2160 Quane
279 2085 382 2151 trahis
405 2086 550 2169 placidos
574 2087 706 2149 sinuosa
727 2107 786 2169 per
809 2106 889 2150 arua
912 2090 1053 2168 meatus,

145 2171 208 2236 Vel
231 2195 295 2258 qua
318 2173 489 2238 Germanis
513 2174 573 2238 sub
597 2173 746 2256 portibus
771 2173 856 2238 ostia
879 2173 994 2238 soluis:

146 2258 181 2324 Si
204 2263 276 2345 quis
298 2261 404 2326 honos
427 2261 518 2327 tenui
540 2262 629 2325 uolet
652 2261 818 2344 adspirare
841 2282 1000 2345 camenae,

144 2347 281 2415 Perdere
306 2350 334 2415 si
357 2351 429 2434 quis
452 2351 488 2415 in
510 2349 561 2413 his
585 2349 773 2434 dignabitur
795 2351 864 2414 otia
884 2350 1001 2431 musis,
1106 2365 1160 2414 416

144 2435 213 2502 Ibis
237 2438 272 2501 in
295 2460 353 2503 ora
374 2438 543 2504 hominum
567 2438 716 2520 laetoque
739 2437 891 2502 fouebere
915 2441 1020 2503 cantu.

145 2525 191 2589 Te
213 2525 323 2592 fontes
347 2527 478 2611 uinique
500 2527 604 2609 lacus,
626 2530 660 2589 te
683 2525 813 2590 caerula
834 2531 970 2590 noscent

143 2611 307 2698 Flumina,
329 2619 362 2679 te
384 2621 510 2681 ueteres
533 2633 692 2698 pagorum
715 2613 823 2697 gloria
844 2614 922 2678 luci:

144 2700 191 2765 Te
213 2701 340 2786 Druna,
362 2709 396 2767 te
420 2703 541 2787 sparsis
564 2703 688 2767 incerta
709 2700 869 2767 Druentia
890 2702 972 2785 ripis

144 2788 321 2874 Alpinique
344 2790 453 2854 colent
475 2789 567 2854 fluuii
591 2789 813 2874 duplicemque
834 2812 893 2874 per
914 2791 1029 2855 urbem
1105 2805 1160 2856 464

215 2966 267 3016 461
286 2960 355 3030 non]
374 2975 447 3014 nunc
464 2960 492 3014 L
507 2962 511 3030 Ι
527 2960 614 3017 horea
631 2963 659 3016 L
739 2969 791 3019 461
811 2963 875 3017 Non
893 2963 958 3018 4444.
978 2963 1030 3017 4444.
1049 2963 1112 3018 44444.
1134 2963 1162 3019 θ

146 3030 241 3100 {liget
263 3029 291 3084 L
320 3031 324 3100 Ι
353 3047 464 3085 anxona
481 3030 509 3087 R
532 3047 643 3087 aurona
661 3033 690 3088 Β
760 3039 812 3088 461
837 3033 935 3088 Gallos
957 3033 1150 3104 Belgasque'
1140 3052 1161 3091 4.

142 3100 206 3157 finis
233 3102 340 3156 4444444
362 3102 499 3170 poeticum
525 3120 544 3157 4
566 3103 724 3159 1444444444
745 3105 891 3159 laudatum
915 3120 935 3159 4.
959 3105 1158 3161 4411444444.

142 3174 212 3227 fines
235 3191 256 3225 44
329 3178 382 3227 466
411 3172 571 3228 santonious
597 3173 623 3228 θ
649 3175 798 3231 xantonico
816 3173 843 3227 L
867 3178 872 3240 Ι
897 3174 1000 3229 refluus
1090 3174 1160 3229 44444

142 3241 266 3366 profluus
284 3264 306 3298 ω
373 3244 544 3300 corduani
562 3244 589 3299 L
652 3250 705 3301 466
723 3247 878 3315 postponat
892 3244 919 3298 L
936 3246 940 3314 Ι
955 3243 1065 3300 Tamen
1097 3246 1162 3299 ian-

163 3329 208 3368 em
226 3313 254 3366 L
307 3320 360 3370 466
378 3316 492 3370 nomine
511 3336 532 3369 4
552 3316 767 3387 444414ρά4444.
783 3316 951 3385 ltarbellius
970 3337 992 3370 ω
1010 3318 1067 3384 (lar
1087 3316 1161 3372 ellus

142 3384 181 3451 L)
200 3400 270 3440 corr.
289 3387 439 3442 4144444444
455 3384 515 3456 libi
533 3384 561 3439 L
576 3390 580 3455 Ι
597 3390 712 3444 sturnus
731 3386 760 3443 14
778 3389 901 3442 aturrus:
920 3403 936 3439 c
955 3403 988 3441 44
1005 3389 1019 3439 4
1036 3386 1074 3440 L¹

142 3461 195 3509 469
215 3453 351 3527 Corniger
367 3458 433 3513 4444
451 3457 656 3526 4444444461
676 3456 846 3512 celebranda
866 3457 944 3526 GL}
966 3456 1084 3512 moselle
1102 3456 1132 3513 R
1154 3458 1158 3529 Ι

142 3523 226 3582 144444
239 3525 268 3582 R
283 3529 288 3594 1
303 3527 422 3583 mosella
439 3543 490 3597 per
504 3544 567 3583 oras
581 3529 680 3584 444444.
695 3527 735 3582 Β·
788 3533 841 3583 416
855 3527 1021 3602 celebrande
1036 3531 1063 3597 (e
1077 3531 1161 3594 corr.)

145 3595 182 3651 θ’
200 3595 367 3652 celebranda
384 3596 411 3651 L
427 3600 432 3665 Ι
449 3615 481 3652 su
481 3597 617 3668 pernoG
678 3602 730 3653 411
749 3597 908 3654 taurinthes
926 3597 956 3654 14
1018 3604 1071 3654 414
1090 3613 1161 3667 qua-

143 3683 197 3734 que
216 3687 237 3721 4
256 3683 325 3724 corr
345 3669 484 3739 Bocckiap
481 3616 548 3739 plp
549 3668 641 3724 laoido
659 3667 687 3722 L
759 3674 812 3725 416
830 3668 926 3724 hostia
943 3669 1005 3736 1411
1026 3668 1127 3724 soluier
1147 3687 1161 3722 s

138 3754 184 3806 pr.
195 3739 448 3809 curaurnrue)L
466 3686 660 3796 4144414414
671 3743 674 3812 l
686 3739 842 3809 aspirarem
879 3746 931 3796 416
942 3758 967 3795 si
958 3739 1160 3851 (444441ᾱί4444-

135 3843 215 3899 brtur
226 3845 268 3918 (m
280 3845 328 3902 1444
342 3862 393 3905 cm
394 3863 504 3921 ,.marp
519 3847 573 3904 4444
584 3846 665 3918 „lB
715 3846 910 3902 4144444414
959 3813 1162 3914 4664444414·
