2430 4274
511 570 749 635 -188—

120 730 258 798 Frustra
280 729 396 796 dehinc
419 729 490 795 solo
515 726 713 812 Caprearum
736 729 866 794 clausus
889 729 925 793 in
948 732 1058 809 antro,
1107 744 1140 794 15

167 819 255 897 Quae
278 818 389 904 prodit
411 817 516 902 uitiis,
540 816 643 882 credit
666 820 781 902 operta
803 817 892 883 locis.

67 1046 124 1099 [roll
412 1026 472 1081 llll.
501 1024 644 1081 CAESAR
662 1024 853 1081 cnuluvna

122 1154 204 1221 Post
225 1154 312 1219 hunc
336 1152 493 1220 castrensi
517 1150 649 1236 Caligae
673 1152 864 1237 cognomine
887 1150 1008 1217 Caesar

104 1245 107 1250 ’
167 1241 329 1309 Successit
352 1262 451 1306 saeuo
476 1243 604 1305 saeuior
626 1241 773 1324 ingenio,

122 1329 285 1398 Caedibus
307 1330 505 1413 incestisque
528 1328 646 1394 dehinc
668 1329 852 1394 maculosus
876 1333 909 1392 et
932 1330 1021 1393 omni

166 1417 308 1485 Crimine
331 1418 493 1502 pollutum
517 1418 573 1501 qui
596 1419 763 1501 superauit
787 1439 893 1482 auum.
1106 1436 1140 1484 20

69 1647 125 1697 [acu]
427 1627 460 1684 V.
487 1623 668 1682 CLAVDIVS
688 1625 835 1682 CAESAR.

120 1751 276 1820 Claudius
300 1754 420 1819 inrisae
442 1752 573 1838 priuato
596 1755 632 1818 in
653 1757 800 1837 tempore
822 1752 924 1836 uitae,

164 1843 205 1907 In
227 1863 328 1928 regno
353 1843 515 1926 specimen
538 1842 682 1926 prodidit
704 1842 835 1926 ingenii.

119 1929 288 1997 Libertina
310 1935 421 1995 tamen
443 1932 618 2014 nuptarum
643 1934 676 1995 et
698 1932 833 1995 crimina
854 1951 968 2012 passus

165 2019 241 2085 Non
264 2019 411 2085 faciendo
435 2039 570 2103 nocens,
594 2023 645 2084 set
668 2019 822 2102 patiendo
846 2018 917 2083 fuit.

66 2229 122 2279 [ass]
541 2209 589 2264 Vl.
608 2207 718 2264 NERO.

121 2335 312 2401 Aeneadum
335 2337 464 2421 generis
488 2337 544 2420 qui
567 2341 678 2401 sextus
702 2340 736 2400 et
757 2335 891 2400 ultimus
913 2336 1022 2420 heres,
1105 2354 1139 2403 25

163 2422 286 2489 Polluit
309 2427 342 2489 et
365 2425 484 2490 clausit
507 2424 589 2490 Iulia
613 2445 705 2489 sacra
727 2423 825 2488 Nero.

119 2512 263 2579 Nomina
286 2518 365 2598 quot
387 2514 507 2598 pietas,
535 2518 586 2578 tot
607 2513 708 2578 habet
730 2534 857 2597 quoque
881 2513 1017 2578 crimina
1038 2514 1142 2579 uitae.

164 2601 260 2669 Disce
285 2625 324 2668 ex
347 2603 550 2688 Tranquillo:
577 2606 627 2667 set
648 2602 833 2666 meminisse
856 2601 958 2686 piget.

116 2828 242 2954 nemim
262 2836 276 2881 1
298 2829 411 2884 Sueton.
432 2828 520 2898 Calig.
536 2834 566 2883 9:
586 2829 732 2898 Caligulae
752 2845 907 2898 cognomen
922 2829 1059 2884 cannensi
1074 2830 1138 2886 ioco

188 3109 316 3163 ssfruota
333 3110 372 3163 Σι
445 3110 568 3180 4prode
587 3110 634 3164 M*

188 3196 241 3250 llll
260 3196 391 3253 callicula
409 3198 438 3253 P
460 3197 553 3267 caliga
568 3202 595 3252 Σ
660 3204 674 3251 1
696 3199 832 3254 castrensi
851 3199 965 3254 Schenkl
984 3202 1134 3257 castrensis

115 3304 182 3359 rua
197 3305 202 3373 ι
219 3304 333 3377 caesar]
357 3303 443 3360 enus
462 3306 607 3360 cncezur
680 3303 829 3360 sincerus
847 3305 919 3374 Μί
945 3285 999 3375 lue
1021 3305 1049 3359 V
1118 3315 1135 3360 4

116 3390 200 3429 anum
219 3382 251 3431 ut
268 3378 327 3432 uid.
347 3377 375 3430 P

187 3462 365 3519 VClaudius
385 3465 467 3519 diuus
487 3483 565 3520 cesar
579 3468 607 3518 Σ
633 3465 734 3520 Caesar
751 3465 802 3518 del.
818 3465 933 3519 Schenkl
989 3465 1132 3538 linrisae]

121 3534 196 3603 ΡΣΙ
222 3534 342 3606 priulato
361 3540 389 3589 Σ
403 3540 407 3603 Ι
431 3536 460 3590 in
480 3554 530 3591 om.
549 3540 586 3590 M
653 3535 784 3605 2prodit
803 3536 839 3588 Σ1
857 3538 861 3604 Ι
876 3535 990 3604 imperii
1007 3537 1035 3590 B
1116 3544 1131 3591 3

115 3609 146 3661 et
165 3606 282 3660 crimina
300 3622 400 3675 pascus
423 3606 450 3660 V
469 3609 545 3662 certa
564 3608 689 3676 potestas
709 3607 737 3660 P
752 3612 816 3675 post
833 3610 985 3676 nuptarum
1004 3609 1079 3663 nuic
1095 3625 1132 3663 se-

114 3679 210 3747 quitur
228 3678 347 3746 BEM‘,
366 3680 398 3732 in
415 3695 502 3748 mora.
523 3697 560 3732 .r.
579 3678 607 3731 B
679 3685 697 3731 4
716 3678 770 3748 set]
796 3677 822 3731 V

186 3765 226 3821 Vl
243 3765 318 3820 Nero
338 3768 443 3821 Saeuus
461 3771 488 3822 Σ
560 3774 574 3821 1
595 3767 675 3839 heres
694 3767 755 3820 ΒΣ
771 3768 813 3834 (in
831 3770 860 3821 Σ
876 3768 958 3840 hpres
973 3773 1039 3836 pout
1058 3768 1132 3833 aod.)

114 3843 167 3963 men
181 3836 312 3962 {pliaffl
365 3840 474 3907 aquod
495 3838 561 3893 ΡΣι
616 3837 792 3907 4tranquilo
813 3837 1134 3907 PlaetVetan
