2430 4274
496 591 712 654 -21-

47 747 73 796 ιο
96 729 242 795 sednon
266 732 299 794 et
322 730 421 814 capiti
444 729 559 796 similis
581 731 682 797 rubor
704 731 839 816 ipsaque
862 733 984 818 ceruix,

95 819 246 902 quamuis
270 839 404 902 procero
429 825 542 904 surgat
564 819 641 885 iuba
663 821 805 885 maxima
828 821 926 906 collo,

94 907 252 991 languida
275 908 431 973 marcenti
455 909 510 972 uix
534 913 583 973 est
607 909 794 993 spectabilis
817 909 901 995 igue.

94 995 213 1060 ultima
236 1017 318 1080 quae
342 1001 452 1061 mento
477 1019 548 1061 sese
571 998 725 1082 explieat,
748 998 828 1062 haut
850 999 958 1063 minor
979 998 1036 1063 ills

96 1088 250 1168 quattuor
273 1088 324 1149 est
345 1085 473 1170 primis,
496 1108 576 1170 quse
600 1087 738 1151 formam
760 1086 881 1152 lumine
906 1088 993 1152 claro

47 1191 71 1241 is
96 1173 277 1258 semipedis
302 1174 466 1239 simulant.
511 1196 578 1239 non
602 1174 656 1239 bie
679 1196 779 1260 equus
802 1175 928 1262 integer
950 1179 1053 1260 artus,

95 1284 163 1326 uon
186 1262 369 1348 quadrupes
394 1264 482 1328 caelo
507 1264 701 1348 sustollitur,
724 1266 759 1329 at
781 1267 876 1330 tenus
900 1264 974 1330 aluo

95 1350 232 1435 erigitur
254 1350 373 1434 media,
397 1373 473 1416 nam
497 1356 603 1417 cetera
626 1373 709 1437 pone
732 1355 907 1438 negantur,

96 1444 130 1504 et
153 1440 260 1524 quatit
283 1439 443 1504 aetherias
466 1441 581 1523 primis
605 1441 700 1505 modo
724 1442 872 1506 cruribus
895 1461 999 1507 suras.

95 1528 195 1612 hunc,
218 1528 304 1593 bunc
327 1528 435 1593 Aonio
459 1529 622 1613 quondam
646 1532 827 1594 memorant
849 1529 1004 1595 Helicone

47 1634 73 1684 ιο
95 1616 208 1681 inclita
230 1621 307 1703 post
329 1615 446 1700 Lyciae
469 1617 657 1681 redeuutem
680 1617 769 1681 bella
792 1615 995 1698 Chimaerae,

96 1705 238 1788 mystice
261 1726 324 1790 qua
347 1727 443 1790 rupes
467 1704 571 1771 doctis
595 1705 818 1770 obmurmurat
841 1706 958 1790 antris,
1023 1774 1028 1780 ,

94 1792 269 1858 herbarum
292 1795 449 1878 carpsisse
473 1815 583 1859 eomas
607 1798 639 1859 et
661 1795 808 1879 gramine
832 1793 932 1859 odoro

96 1882 276 1964 expleuisse
298 1882 436 1967 famem,
459 1882 516 1947 sed
539 1904 610 1948 cum
634 1882 705 1948 sitis
729 1882 818 1946 arida
840 1883 950 1948 fauces

95 1973 205 2035 ureret
228 1992 264 2035 ac
287 1972 376 2035 nullo
400 1975 550 2036 manaret
572 1992 690 2058 gurges
714 1971 819 2054 hiatu,

47 2074 74 2124 rs
95 2058 235 2124 inlisisse
257 2059 371 2144 pedem
399 2094 436 2105 —
463 2081 624 2145 cornuque
648 2060 754 2125 excita
776 2063 907 2144 repente

94 2147 196 2231 lymfa
218 2149 415 2213 camenalem
438 2148 524 2213 fudit
545 2149 658 2232 procul
682 2148 918 2234 Hippocrenen.

94 2239 204 2300 Aones
227 2236 289 2301 hoe
312 2238 401 2302 latici
424 2241 603 2321 posuerunt
623 2259 741 2303 nomeu
766 2237 884 2321 equino

94 2329 252 2408 pastores.
298 2325 414 2409 strepit
438 2327 516 2389 haec
539 2325 666 2409 placido
690 2327 775 2390 inter
799 2346 878 2388 saxa
901 2344 1033 2389 susurro

47 2447 48 2450 ¹
95 2412 198 2497 adque
222 2412 377 2479 Helicone
400 2414 518 2478 cadens
542 2435 612 2478 sese
636 2413 819 2478 sitientibus
843 2412 953 2478 herbis

47 2518 76 2568 >0
97 2501 224 2581 inserit,
248 2501 406 2567 Ascraeas
430 2502 531 2567 donec
553 2523 638 2588 uaga
660 2502 789 2587 gurgite
812 2501 915 2567 ualles

97 2590 247 2655 uiuifieet.
293 2591 380 2675 rigat
402 2590 464 2654 hac
488 2590 614 2655 animas
638 2595 671 2654 et
692 2590 834 2674 Thespia
858 2589 959 2673 pubes

97 2700 224 2763 semper
247 2683 280 2743 et
301 2680 336 2743 in
359 2680 471 2744 latices
493 2678 601 2744 inhiat
624 2700 702 2763 gens
725 2679 826 2744 fontis
849 2678 981 2742 alumni.

97 2771 149 2831 ast
172 2789 246 2832 ecus
270 2767 395 2832 alterno
418 2767 502 2832 redit
523 2767 610 2832 inter
633 2768 739 2832 sidera
762 2770 852 2833 motu

97 2854 280 2941 Oceanique
303 2856 372 2922 salo
395 2860 493 2940 caput
516 2857 643 2922 exserit.
688 2855 769 2921 haut
791 2855 851 2921 tibi
875 2853 985 2940 magni

47 2959 75 3010 >u
96 2966 173 3009 curs
196 2945 318 3010 laboris
341 2945 403 3010 erit
425 2946 513 3010 caelo
537 2949 683 3030 spectare
708 2966 818 3010 screno

94 3032 312 3116 semipedem,
336 3035 435 3099 micat
458 3035 514 3098 ille
537 3035 648 3119 procul
672 3034 886 3119 flagrantibus
910 3033 1008 3098 astris

95 3124 128 3183 et
151 3118 281 3202 perfusa
304 3141 415 3185 recens
439 3123 547 3188 educit
569 3128 701 3208 pectora
723 3128 833 3207 ponto.

140 3206 224 3270 Tum
247 3207 332 3271 celer
354 3208 410 3272 ille
433 3210 549 3292 aries,
571 3211 660 3295 longi
684 3211 738 3294 qui
761 3210 874 3274 limitis
899 3208 976 3274 orbe

166 3350 219 3400 480
238 3345 287 3399 sed
305 3361 362 3400 uun
380 3348 410 3400 et
426 3362 443 3400 s
461 3347 510 3401 sed
529 3347 558 3401 et
576 3362 633 3401 uon
651 3345 690 3401 Vs
704 3346 790 3401 Sedet
804 3362 860 3401 non
874 3346 902 3399 A
948 3349 998 3399 481
1014 3347 1111 3416 surgat

95 3419 122 3471 A
146 3418 242 3486 surget
266 3415 291 3469 V
380 3422 432 3472 488
455 3417 525 3472 haut
547 3418 655 3472 wrrexs'
677 3420 726 3472 aut
751 3417 777 3470 V
796 3415 918 3472 haudA
1009 3421 1061 3471 486
1080 3419 1111 3471 st

94 3489 208 3543 Grotius
231 3489 260 3542 et
284 3486 336 3540 VA
421 3494 473 3543 487
492 3504 558 3543 uam
576 3488 690 3543 Grotius
708 3487 765 3542 iam
789 3488 840 3542 VA
926 3493 978 3542 491
999 3487 1110 3543 obmur-

93 3561 187 3614 murat
217 3564 280 3612 aaa
311 3574 441 3614 scemam
472 3564 606 3614 manuel
640 3559 667 3613 V
695 3561 862 3614 imurmurat
888 3564 1025 3614 manus2
1057 3557 1108 3613 VA

94 3636 146 3686 592
161 3628 295 3699 carpsisse
310 3632 337 3684 A
352 3631 506 3701 carpspisse
524 3631 570 3699 V!
584 3629 672 3686 odoro
685 3646 753 3686 corr.
775 3630 801 3683 V
813 3631 898 3685 odore
907 3631 935 3684 A
974 3634 1027 3684 496
1040 3628 1110 3699 Hip·

93 3700 463 3776 pocreueuAHippcrensu
477 3701 504 3756 V
537 3707 586 3756 501
603 3700 763 3757 uiuificetA
778 3700 899 3756 Vuificet
918 3700 944 3754 V
978 3705 1030 3755 503
1045 3716 1110 3754 scus

94 3778 220 3829 vrsantnl
247 3771 272 3824 V
296 3789 382 3841 equus
409 3776 541 3828 manus2
565 3772 617 3826 VA
695 3791 722 3829 u.
743 3779 799 3830 508
822 3773 984 3829 inscribitur
1002 3769 1110 3826 Anius

101 3842 151 3896 VA
223 3842 394 3898 susumus
419 3843 445 3897 V
461 3843 575 3900 luminis
593 3846 620 3898 A
