<?xml version="1.0" encoding="UTF-8"?>
<!DOCTYPE html PUBLIC "-//W3C//DTD XHTML 1.0 Transitional//EN"
    "http://www.w3.org/TR/xhtml1/DTD/xhtml1-transitional.dtd">
<html xmlns="http://www.w3.org/1999/xhtml" xml:lang="en" lang="en">
 <head>
  <title>
</title>
<meta http-equiv="Content-Type" content="text/html;charset=utf-8" />
  <meta name='ocr-system' content='tesseract 3.04.00' />
  <meta name='ocr-capabilities' content='ocr_page ocr_carea ocr_par ocr_line ocrx_word'/>
</head>
<body>
  <div class='ocr_page' id='page_1' title='image "./decimimagniavso00ausogoog_0196.png"; bbox 0 0 2430 4274; ppageno 0'>
   <div class='ocr_carea' id='block_1_1' title="bbox 482 525 696 590">
    <p class='ocr_par' dir='ltr' id='par_1_1' title="bbox 482 525 696 590">
     <span class='ocr_line' id='line_1_1' title="bbox 482 525 696 590; baseline 0.014 -21"><span class='ocrx_word' id='word_1_1' title='bbox 482 525 696 590; x_wconf 71' lang='lat'>..63-</span> 
     </span>
    </p>
   </div>
   <div class='ocr_carea' id='block_1_2' title="bbox 14 730 1036 807">
    <p class='ocr_par' dir='ltr' id='par_1_2' title="bbox 14 730 1036 807">
     <span class='ocr_line' id='line_1_2' title="bbox 14 730 1036 807; baseline 0.003 -16"><span class='ocrx_word' id='word_1_2' title='bbox 14 758 76 807; x_wconf 76' lang='lat'>[¹⁰⁵1</span> <span class='ocrx_word' id='word_1_3' title='bbox 143 735 204 790; x_wconf 85' lang='lat' dir='ltr'><strong>XV.</strong></span> <span class='ocrx_word' id='word_1_4' title='bbox 235 730 450 790; x_wconf 78' lang='lat' dir='ltr'>NEPOTIANO</span> <span class='ocrx_word' id='word_1_5' title='bbox 469 733 714 790; x_wconf 77' lang='lat' dir='ltr'>GRAMMATICO</span> <span class='ocrx_word' id='word_1_6' title='bbox 732 734 849 791; x_wconf 78' lang='lat' dir='ltr'><strong>EIDEM</strong></span> <span class='ocrx_word' id='word_1_7' title='bbox 865 735 1036 794; x_wconf 80' lang='lat' dir='ltr'>RHETORI.</span> 
     </span>
    </p>
   </div>
   <div class='ocr_carea' id='block_1_3' title="bbox 163 861 1093 2718">
    <p class='ocr_par' dir='ltr' id='par_1_3' title="bbox 168 861 873 947">
     <span class='ocr_line' id='line_1_3' title="bbox 168 861 873 947; baseline 0.003 -20"><span class='ocrx_word' id='word_1_8' title='bbox 168 861 299 942; x_wconf 85' lang='lat' dir='ltr'><strong>Facete,</strong></span> <span class='ocrx_word' id='word_1_9' title='bbox 322 861 439 945; x_wconf 90' lang='lat' dir='ltr'><strong>comis,</strong></span> <span class='ocrx_word' id='word_1_10' title='bbox 462 861 570 926; x_wconf 86' lang='lat' dir='ltr'><strong>animo</strong></span> <span class='ocrx_word' id='word_1_11' title='bbox 592 861 735 927; x_wconf 88' lang='lat' dir='ltr'><strong>iuuenali</strong></span> <span class='ocrx_word' id='word_1_12' title='bbox 759 884 873 947; x_wconf 82' lang='lat' dir='ltr'>senex,</span> 
     </span>
    </p>

    <p class='ocr_par' dir='ltr' id='par_1_4' title="bbox 166 949 973 1123">
     <span class='ocr_line' id='line_1_4' title="bbox 167 949 973 1032; baseline 0.004 -15"><span class='ocrx_word' id='word_1_13' title='bbox 167 949 229 1017; x_wconf 84' lang='lat' dir='ltr'><strong>Oui</strong></span> <span class='ocrx_word' id='word_1_14' title='bbox 252 949 327 1014; x_wconf 85' lang='lat' dir='ltr'><strong>felle</strong></span> <span class='ocrx_word' id='word_1_15' title='bbox 350 951 456 1032; x_wconf 89' lang='lat' dir='ltr'><strong>nullo,</strong></span> <span class='ocrx_word' id='word_1_16' title='bbox 479 950 574 1015; x_wconf 90' lang='lat' dir='ltr'><strong>melle</strong></span> <span class='ocrx_word' id='word_1_17' title='bbox 597 952 702 1016; x_wconf 91' lang='lat' dir='ltr'><strong>multo</strong></span> <span class='ocrx_word' id='word_1_18' title='bbox 725 973 817 1016; x_wconf 91' lang='lat' dir='ltr'><strong>mens</strong></span> <span class='ocrx_word' id='word_1_19' title='bbox 840 953 973 1020; x_wconf 90' lang='lat' dir='ltr'><strong>madens</strong></span> 
     </span>
     <span class='ocr_line' id='line_1_5' title="bbox 166 1037 903 1123; baseline 0.004 -19"><span class='ocrx_word' id='word_1_20' title='bbox 166 1040 295 1104; x_wconf 85' lang='lat' dir='ltr'><strong>Aenum</strong></span> <span class='ocrx_word' id='word_1_21' title='bbox 317 1059 376 1123; x_wconf 90' lang='lat' dir='ltr'><strong>per</strong></span> <span class='ocrx_word' id='word_1_22' title='bbox 398 1058 494 1104; x_wconf 91' lang='lat' dir='ltr'><strong>omne</strong></span> <span class='ocrx_word' id='word_1_23' title='bbox 517 1037 566 1102; x_wconf 92' lang='lat' dir='ltr'><strong>nil</strong></span> <span class='ocrx_word' id='word_1_24' title='bbox 589 1061 736 1104; x_wconf 86' lang='lat' dir='ltr'><strong>amarum</strong></span> <span class='ocrx_word' id='word_1_25' title='bbox 758 1041 903 1107; x_wconf 75' lang='lat' dir='ltr'><strong>miscuit:</strong></span> 
     </span>
    </p>

    <p class='ocr_par' dir='ltr' id='par_1_5' title="bbox 164 1125 844 1214">
     <span class='ocr_line' id='line_1_6' title="bbox 164 1125 844 1214; baseline 0.003 -21"><span class='ocrx_word' id='word_1_26' title='bbox 164 1127 308 1193; x_wconf 87' lang='lat' dir='ltr'><strong>Medelle</strong></span> <span class='ocrx_word' id='word_1_27' title='bbox 328 1127 447 1210; x_wconf 79' lang='lat' dir='ltr'>nostri,</span> <span class='ocrx_word' id='word_1_28' title='bbox 468 1125 666 1212; x_wconf 81' lang='lat' dir='ltr'>Nepotiane,</span> <span class='ocrx_word' id='word_1_29' title='bbox 689 1129 844 1214; x_wconf 78' lang='lat' dir='ltr'><strong>pectoris,</strong></span> 
     </span>
    </p>

    <p class='ocr_par' dir='ltr' id='par_1_6' title="bbox 164 1215 1093 1389">
     <span class='ocr_line' id='line_1_7' title="bbox 164 1215 1093 1305; baseline 0.01 -23"><span class='ocrx_word' id='word_1_30' title='bbox 164 1217 248 1282; x_wconf 78' lang='lat' dir='ltr'><strong>&#39;l’am</strong></span> <span class='ocrx_word' id='word_1_31' title='bbox 275 1215 431 1280; x_wconf 85' lang='lat' dir='ltr'><strong>seriorum</strong></span> <span class='ocrx_word' id='word_1_32' title='bbox 455 1236 552 1299; x_wconf 89' lang='lat' dir='ltr'><strong>quam</strong></span> <span class='ocrx_word' id='word_1_33' title='bbox 575 1216 720 1282; x_wconf 89' lang='lat' dir='ltr'><strong>iocorum</strong></span> <span class='ocrx_word' id='word_1_34' title='bbox 742 1219 916 1305; x_wconf 75' lang='lat' dir='ltr'><strong>particeps,</strong></span> <span class='ocrx_word' id='word_1_35' title='bbox 1076 1240 1093 1291; x_wconf 79' lang='lat' dir='ltr'><strong>e</strong></span> 
     </span>
     <span class='ocr_line' id='line_1_8' title="bbox 165 1304 918 1389; baseline 0.005 -19"><span class='ocrx_word' id='word_1_36' title='bbox 165 1304 357 1382; x_wconf 86' lang='lat' dir='ltr'><strong>Taciturne,</strong></span> <span class='ocrx_word' id='word_1_37' title='bbox 382 1305 535 1388; x_wconf 82' lang='lat' dir='ltr'><strong>Amyclas</strong></span> <span class='ocrx_word' id='word_1_38' title='bbox 557 1305 614 1389; x_wconf 90' lang='lat' dir='ltr'><strong>qui</strong></span> <span class='ocrx_word' id='word_1_39' title='bbox 638 1305 763 1372; x_wconf 87' lang='lat' dir='ltr'><strong>silendo</strong></span> <span class='ocrx_word' id='word_1_40' title='bbox 786 1307 918 1374; x_wconf 89' lang='lat' dir='ltr'><strong>uiceris:</strong></span> 
     </span>
    </p>

    <p class='ocr_par' dir='ltr' id='par_1_7' title="bbox 165 1391 858 1481">
     <span class='ocr_line' id='line_1_9' title="bbox 165 1391 858 1481; baseline 0.004 -22"><span class='ocrx_word' id='word_1_41' title='bbox 165 1393 214 1460; x_wconf 86' lang='lat' dir='ltr'><strong>Te</strong></span> <span class='ocrx_word' id='word_1_42' title='bbox 236 1392 438 1459; x_wconf 76' lang='lat' dir='ltr'><strong>fabulantem</strong></span> <span class='ocrx_word' id='word_1_43' title='bbox 460 1413 527 1457; x_wconf 89' lang='lat' dir='ltr'><strong>non</strong></span> <span class='ocrx_word' id='word_1_44' title='bbox 548 1391 661 1459; x_wconf 82' lang='lat' dir='ltr'><strong>Vlixes</strong></span> <span class='ocrx_word' id='word_1_45' title='bbox 683 1394 858 1481; x_wconf 78' lang='lat' dir='ltr'><strong>linqueret,</strong></span> 
     </span>
    </p>

    <p class='ocr_par' dir='ltr' id='par_1_8' title="bbox 164 1482 879 1570">
     <span class='ocr_line' id='line_1_10' title="bbox 164 1482 879 1570; baseline 0.004 -22"><span class='ocrx_word' id='word_1_46' title='bbox 164 1482 280 1567; x_wconf 91' lang='lat' dir='ltr'><strong>Liquit</strong></span> <span class='ocrx_word' id='word_1_47' title='bbox 302 1485 454 1547; x_wconf 74' lang='lat' dir='ltr'><strong>canentes</strong></span> <span class='ocrx_word' id='word_1_48' title='bbox 477 1482 534 1565; x_wconf 91' lang='lat' dir='ltr'><strong>qui</strong></span> <span class='ocrx_word' id='word_1_49' title='bbox 556 1483 700 1550; x_wconf 87' lang='lat' dir='ltr'><strong>melodas</strong></span> <span class='ocrx_word' id='word_1_50' title='bbox 722 1485 879 1570; x_wconf 79' lang='lat' dir='ltr'><strong>uirgines:</strong></span> 
     </span>
    </p>

    <p class='ocr_par' dir='ltr' id='par_1_9' title="bbox 163 1569 1091 1833">
     <span class='ocr_line' id='line_1_11' title="bbox 164 1569 932 1658; baseline 0.001 -20"><span class='ocrx_word' id='word_1_51' title='bbox 164 1572 273 1638; x_wconf 86' lang='lat' dir='ltr'><strong>Probe</strong></span> <span class='ocrx_word' id='word_1_52' title='bbox 296 1573 331 1635; x_wconf 91' lang='lat' dir='ltr'><strong>et</strong></span> <span class='ocrx_word' id='word_1_53' title='bbox 352 1569 481 1654; x_wconf 89' lang='lat' dir='ltr'><strong>pudice,</strong></span> <span class='ocrx_word' id='word_1_54' title='bbox 503 1591 613 1653; x_wconf 88' lang='lat' dir='ltr'><strong>parce,</strong></span> <span class='ocrx_word' id='word_1_55' title='bbox 635 1571 737 1658; x_wconf 82' lang='lat' dir='ltr'><strong>frugi,</strong></span> <span class='ocrx_word' id='word_1_56' title='bbox 760 1574 932 1655; x_wconf 79' lang='lat' dir='ltr'><strong>abstemie,</strong></span> 
     </span>
     <span class='ocr_line' id='line_1_12' title="bbox 164 1657 1091 1742; baseline 0.005 -16"><span class='ocrx_word' id='word_1_57' title='bbox 164 1658 329 1742; x_wconf 84' lang='lat' dir='ltr'><strong>Facundo,</strong></span> <span class='ocrx_word' id='word_1_58' title='bbox 351 1658 435 1723; x_wconf 91' lang='lat' dir='ltr'><strong>nulli</strong></span> <span class='ocrx_word' id='word_1_59' title='bbox 455 1657 624 1725; x_wconf 87' lang='lat' dir='ltr'><strong>rhetorum</strong></span> <span class='ocrx_word' id='word_1_60' title='bbox 648 1661 763 1726; x_wconf 88' lang='lat' dir='ltr'><strong>cedens</strong></span> <span class='ocrx_word' id='word_1_61' title='bbox 786 1663 862 1727; x_wconf 87' lang='lat' dir='ltr'><strong>stilo</strong></span> <span class='ocrx_word' id='word_1_62' title='bbox 1058 1681 1091 1732; x_wconf 92' lang='lat'><strong>10</strong></span> 
     </span>
     <span class='ocr_line' id='line_1_13' title="bbox 163 1744 869 1833; baseline 0.001 -19"><span class='ocrx_word' id='word_1_63' title='bbox 163 1749 212 1814; x_wconf 79' lang='lat' dir='ltr'><strong>Et</strong></span> <span class='ocrx_word' id='word_1_64' title='bbox 235 1748 419 1833; x_wconf 82' lang='lat' dir='ltr'><strong>disputator</strong></span> <span class='ocrx_word' id='word_1_65' title='bbox 443 1747 483 1812; x_wconf 85' lang='lat' dir='ltr'><strong>ed</strong></span> <span class='ocrx_word' id='word_1_66' title='bbox 506 1744 688 1814; x_wconf 80' lang='lat' dir='ltr'><strong>Cleanthen</strong></span> <span class='ocrx_word' id='word_1_67' title='bbox 711 1747 869 1815; x_wconf 83' lang='lat' dir='ltr'><strong>Stoicum:</strong></span> 
     </span>
    </p>

    <p class='ocr_par' dir='ltr' id='par_1_10' title="bbox 165 1834 953 1921">
     <span class='ocr_line' id='line_1_14' title="bbox 165 1834 953 1921; baseline 0.005 -19"><span class='ocrx_word' id='word_1_68' title='bbox 165 1836 324 1903; x_wconf 84' lang='lat' dir='ltr'><strong>Scaurum</strong></span> <span class='ocrx_word' id='word_1_69' title='bbox 344 1834 552 1921; x_wconf 89' lang='lat' dir='ltr'><strong>Probumque</strong></span> <span class='ocrx_word' id='word_1_70' title='bbox 575 1837 672 1902; x_wconf 90' lang='lat' dir='ltr'><strong>corde</strong></span> <span class='ocrx_word' id='word_1_71' title='bbox 694 1838 816 1903; x_wconf 89' lang='lat' dir='ltr'><strong>callens</strong></span> <span class='ocrx_word' id='word_1_72' title='bbox 838 1838 953 1906; x_wconf 90' lang='lat' dir='ltr'><strong>intimo</strong></span> 
     </span>
    </p>

    <p class='ocr_par' dir='ltr' id='par_1_11' title="bbox 163 1922 782 2011">
     <span class='ocr_line' id='line_1_15' title="bbox 163 1922 782 2011; baseline -0.003 -19"><span class='ocrx_word' id='word_1_73' title='bbox 163 1925 210 1991; x_wconf 80' lang='lat' dir='ltr'><strong>Et</strong></span> <span class='ocrx_word' id='word_1_74' title='bbox 231 1925 369 2008; x_wconf 83' lang='lat' dir='ltr'><strong>Epirote</strong></span> <span class='ocrx_word' id='word_1_75' title='bbox 392 1922 493 1990; x_wconf 83' lang='lat' dir='ltr'><strong>Cinea</strong></span> <span class='ocrx_word' id='word_1_76' title='bbox 515 1947 641 1991; x_wconf 89' lang='lat' dir='ltr'><strong>memor</strong></span> <span class='ocrx_word' id='word_1_77' title='bbox 663 1926 782 2011; x_wconf 82' lang='lat' dir='ltr'><strong>magis:</strong></span> 
     </span>
    </p>

    <p class='ocr_par' dir='ltr' id='par_1_12' title="bbox 165 2013 855 2100">
     <span class='ocr_line' id='line_1_16' title="bbox 165 2013 855 2100; baseline 0 -19"><span class='ocrx_word' id='word_1_78' title='bbox 165 2013 295 2081; x_wconf 84' lang='lat' dir='ltr'><strong>Sodalis</strong></span> <span class='ocrx_word' id='word_1_79' title='bbox 319 2017 351 2078; x_wconf 87' lang='lat' dir='ltr'><strong>et</strong></span> <span class='ocrx_word' id='word_1_80' title='bbox 373 2013 557 2099; x_wconf 89' lang='lat' dir='ltr'><strong>conuictor,</strong></span> <span class='ocrx_word' id='word_1_81' title='bbox 579 2014 698 2098; x_wconf 90' lang='lat' dir='ltr'><strong>hospes</strong></span> <span class='ocrx_word' id='word_1_82' title='bbox 721 2015 855 2100; x_wconf 81' lang='lat' dir='ltr'><strong>iugiter:</strong></span> 
     </span>
    </p>

    <p class='ocr_par' dir='ltr' id='par_1_13' title="bbox 164 2102 1089 2276">
     <span class='ocr_line' id='line_1_17' title="bbox 164 2102 1089 2189; baseline 0.005 -22"><span class='ocrx_word' id='word_1_83' title='bbox 164 2103 285 2168; x_wconf 88' lang='lat' dir='ltr'><strong>Parum</strong></span> <span class='ocrx_word' id='word_1_84' title='bbox 309 2102 394 2186; x_wconf 92' lang='lat' dir='ltr'><strong>quod</strong></span> <span class='ocrx_word' id='word_1_85' title='bbox 417 2102 549 2186; x_wconf 87' lang='lat' dir='ltr'><strong>hospes,</strong></span> <span class='ocrx_word' id='word_1_86' title='bbox 572 2103 690 2169; x_wconf 88' lang='lat' dir='ltr'><strong>mentis</strong></span> <span class='ocrx_word' id='word_1_87' title='bbox 715 2105 859 2189; x_wconf 81' lang='lat' dir='ltr'><strong>agitator</strong></span> <span class='ocrx_word' id='word_1_88' title='bbox 882 2126 980 2170; x_wconf 86' lang='lat' dir='ltr'><strong>meae.</strong></span> <span class='ocrx_word' id='word_1_89' title='bbox 1057 2123 1089 2172; x_wconf 76' lang='lat'><strong>15</strong></span> 
     </span>
     <span class='ocr_line' id='line_1_18' title="bbox 165 2190 877 2276; baseline 0.001 -19"><span class='ocrx_word' id='word_1_90' title='bbox 165 2190 311 2257; x_wconf 83' lang='lat' dir='ltr'><strong>Consilia</strong></span> <span class='ocrx_word' id='word_1_91' title='bbox 332 2191 440 2255; x_wconf 90' lang='lat' dir='ltr'><strong>nullus</strong></span> <span class='ocrx_word' id='word_1_92' title='bbox 463 2196 571 2256; x_wconf 89' lang='lat' dir='ltr'><strong>mente</strong></span> <span class='ocrx_word' id='word_1_93' title='bbox 593 2195 661 2257; x_wconf 91' lang='lat' dir='ltr'><strong>tam</strong></span> <span class='ocrx_word' id='word_1_94' title='bbox 685 2215 766 2276; x_wconf 87' lang='lat' dir='ltr'><strong>pura</strong></span> <span class='ocrx_word' id='word_1_95' title='bbox 788 2193 877 2259; x_wconf 90' lang='lat' dir='ltr'><strong>dedit</strong></span> 
     </span>
    </p>

    <p class='ocr_par' dir='ltr' id='par_1_14' title="bbox 165 2279 735 2345">
     <span class='ocr_line' id='line_1_19' title="bbox 165 2279 735 2345; baseline 0.002 -1"><span class='ocrx_word' id='word_1_96' title='bbox 165 2280 227 2344; x_wconf 88' lang='lat' dir='ltr'><strong>Vel</strong></span> <span class='ocrx_word' id='word_1_97' title='bbox 250 2279 366 2344; x_wconf 86' lang='lat' dir='ltr'><strong>altiore</strong></span> <span class='ocrx_word' id='word_1_98' title='bbox 390 2279 522 2344; x_wconf 89' lang='lat' dir='ltr'><strong>conditu</strong></span> <span class='ocrx_word' id='word_1_99' title='bbox 544 2280 627 2345; x_wconf 86' lang='lat' dir='ltr'><strong>texit</strong></span> <span class='ocrx_word' id='word_1_100' title='bbox 650 2280 735 2345; x_wconf 90' lang='lat' dir='ltr'><strong>data.</strong></span> 
     </span>
    </p>

    <p class='ocr_par' dir='ltr' id='par_1_15' title="bbox 165 2367 802 2452">
     <span class='ocr_line' id='line_1_20' title="bbox 165 2367 802 2452; baseline 0.002 -19"><span class='ocrx_word' id='word_1_101' title='bbox 165 2369 300 2434; x_wconf 89' lang='lat' dir='ltr'><strong>Honore</strong></span> <span class='ocrx_word' id='word_1_102' title='bbox 323 2368 409 2452; x_wconf 82' lang='lat' dir='ltr'><strong>gesti</strong></span> <span class='ocrx_word' id='word_1_103' title='bbox 431 2367 634 2452; x_wconf 89' lang='lat' dir='ltr'><strong>praesidatus</strong></span> <span class='ocrx_word' id='word_1_104' title='bbox 657 2369 802 2452; x_wconf 89' lang='lat' dir='ltr'><strong>inclitus,</strong></span> 
     </span>
    </p>

    <p class='ocr_par' dir='ltr' id='par_1_16' title="bbox 165 2456 907 2542">
     <span class='ocr_line' id='line_1_21' title="bbox 165 2456 907 2542; baseline 0 -20"><span class='ocrx_word' id='word_1_105' title='bbox 165 2456 281 2522; x_wconf 88' lang='lat' dir='ltr'><strong>Decies</strong></span> <span class='ocrx_word' id='word_1_106' title='bbox 303 2478 447 2521; x_wconf 77' lang='lat' dir='ltr'><strong>nouenos</strong></span> <span class='ocrx_word' id='word_1_107' title='bbox 470 2457 600 2522; x_wconf 78' lang='lat' dir='ltr'><strong>frmctus</strong></span> <span class='ocrx_word' id='word_1_108' title='bbox 624 2479 782 2522; x_wconf 89' lang='lat' dir='ltr'><strong>annorum</strong></span> <span class='ocrx_word' id='word_1_109' title='bbox 805 2459 907 2542; x_wconf 88' lang='lat' dir='ltr'><strong>uices,</strong></span> 
     </span>
    </p>

    <p class='ocr_par' dir='ltr' id='par_1_17' title="bbox 164 2544 1089 2718">
     <span class='ocr_line' id='line_1_22' title="bbox 165 2544 1089 2630; baseline 0.002 -20"><span class='ocrx_word' id='word_1_110' title='bbox 165 2544 258 2612; x_wconf 89' lang='lat' dir='ltr'><strong>Duos</strong></span> <span class='ocrx_word' id='word_1_111' title='bbox 281 2545 467 2630; x_wconf 87' lang='lat' dir='ltr'><strong>relinquens</strong></span> <span class='ocrx_word' id='word_1_112' title='bbox 490 2546 611 2611; x_wconf 85' lang='lat' dir='ltr'><strong>liberos</strong></span> <span class='ocrx_word' id='word_1_113' title='bbox 637 2549 741 2611; x_wconf 88' lang='lat' dir='ltr'><strong>morte</strong></span> <span class='ocrx_word' id='word_1_114' title='bbox 764 2547 906 2629; x_wconf 88' lang='lat' dir='ltr'><strong>oppetis,</strong></span> <span class='ocrx_word' id='word_1_115' title='bbox 1055 2563 1089 2613; x_wconf 76' lang='lat'><strong>20</strong></span> 
     </span>
     <span class='ocr_line' id='line_1_23' title="bbox 164 2634 884 2718; baseline -0.001 -19"><span class='ocrx_word' id='word_1_116' title='bbox 164 2634 288 2700; x_wconf 89' lang='lat' dir='ltr'><strong>Dolore</strong></span> <span class='ocrx_word' id='word_1_117' title='bbox 311 2634 414 2700; x_wconf 90' lang='lat' dir='ltr'><strong>multo</strong></span> <span class='ocrx_word' id='word_1_118' title='bbox 437 2637 505 2698; x_wconf 86' lang='lat' dir='ltr'><strong>tem</strong></span> <span class='ocrx_word' id='word_1_119' title='bbox 528 2639 659 2699; x_wconf 90' lang='lat' dir='ltr'><strong>tuorum</strong></span> <span class='ocrx_word' id='word_1_120' title='bbox 682 2655 780 2718; x_wconf 90' lang='lat' dir='ltr'><strong>quam</strong></span> <span class='ocrx_word' id='word_1_121' title='bbox 803 2656 884 2700; x_wconf 90' lang='lat' dir='ltr'><strong>meo.</strong></span> 
     </span>
    </p>
   </div>
   <div class='ocr_carea' id='block_1_4' title="bbox 19 2833 911 2970">
    <p class='ocr_par' dir='ltr' id='par_1_18' title="bbox 19 2833 911 2970">
     <span class='ocr_line' id='line_1_24' title="bbox 19 2833 911 2906; baseline -0.003 -13"><span class='ocrx_word' id='word_1_122' title='bbox 19 2855 77 2906; x_wconf 63' lang='lat' dir='ltr'><strong>isos]</strong></span> <span class='ocrx_word' id='word_1_123' title='bbox 255 2834 327 2890; x_wconf 83' lang='lat' dir='ltr'><strong><em>XVI.</em></strong></span> <span class='ocrx_word' id='word_1_124' title='bbox 360 2834 536 2889; x_wconf 81' lang='lat' dir='ltr'><strong>AEMILIVS</strong></span> <span class='ocrx_word' id='word_1_125' title='bbox 555 2833 708 2889; x_wconf 82' lang='lat' dir='ltr'>MAGNVS</span> <span class='ocrx_word' id='word_1_126' title='bbox 727 2834 911 2891; x_wconf 81' lang='lat' dir='ltr'><strong>ARBORIVS</strong></span> 
     </span>
     <span class='ocr_line' id='line_1_25' title="bbox 409 2914 753 2970; baseline 0.003 -2"><span class='ocrx_word' id='word_1_127' title='bbox 409 2914 562 2970; x_wconf 79' lang='lat' dir='ltr'><strong>RHETOR</strong></span> <span class='ocrx_word' id='word_1_128' title='bbox 578 2914 753 2970; x_wconf 79' lang='lat' dir='ltr'>TOLOSAE.</span> 
     </span>
    </p>
   </div>
   <div class='ocr_carea' id='block_1_5' title="bbox 70 3041 891 3394">
    <p class='ocr_par' dir='ltr' id='par_1_19' title="bbox 70 3041 891 3197">
     <span class='ocr_line' id='line_1_26' title="bbox 70 3041 891 3126; baseline 0.002 -19"><span class='ocrx_word' id='word_1_129' title='bbox 70 3041 164 3107; x_wconf 88' lang='lat' dir='ltr'><strong>Inter</strong></span> <span class='ocrx_word' id='word_1_130' title='bbox 187 3046 344 3126; x_wconf 75' lang='lat' dir='ltr'><strong>cognatos</strong></span> <span class='ocrx_word' id='word_1_131' title='bbox 368 3042 434 3107; x_wconf 92' lang='lat' dir='ltr'><strong>iam</strong></span> <span class='ocrx_word' id='word_1_132' title='bbox 457 3043 564 3124; x_wconf 90' lang='lat' dir='ltr'><strong>fletus,</strong></span> <span class='ocrx_word' id='word_1_133' title='bbox 588 3044 758 3126; x_wconf 89' lang='lat' dir='ltr'><strong>auuncule‚</strong></span> <span class='ocrx_word' id='word_1_134' title='bbox 781 3065 891 3109; x_wconf 88' lang='lat' dir='ltr'><strong>manes</strong></span> 
     </span>
     <span class='ocr_line' id='line_1_27' title="bbox 116 3129 867 3197; baseline 0.004 -3"><span class='ocrx_word' id='word_1_135' title='bbox 116 3129 210 3195; x_wconf 86' lang='lat' dir='ltr'><strong>Inter</strong></span> <span class='ocrx_word' id='word_1_136' title='bbox 231 3130 413 3196; x_wconf 89' lang='lat' dir='ltr'><strong>rhetoricos</strong></span> <span class='ocrx_word' id='word_1_137' title='bbox 435 3152 521 3196; x_wconf 92' lang='lat' dir='ltr'><strong>nunc</strong></span> <span class='ocrx_word' id='word_1_138' title='bbox 544 3131 771 3196; x_wconf 88' lang='lat' dir='ltr'><strong>memorandus</strong></span> <span class='ocrx_word' id='word_1_139' title='bbox 795 3133 867 3197; x_wconf 90' lang='lat' dir='ltr'><strong>eris.</strong></span> 
     </span>
    </p>

    <p class='ocr_par' dir='ltr' id='par_1_20' title="bbox 70 3219 883 3394">
     <span class='ocr_line' id='line_1_28' title="bbox 70 3219 883 3304; baseline 0.001 -20"><span class='ocrx_word' id='word_1_140' title='bbox 70 3219 160 3284; x_wconf 91' lang='lat' dir='ltr'><strong>Illud</strong></span> <span class='ocrx_word' id='word_1_141' title='bbox 184 3240 265 3302; x_wconf 87' lang='lat' dir='ltr'><strong>opus</strong></span> <span class='ocrx_word' id='word_1_142' title='bbox 288 3220 406 3304; x_wconf 86' lang='lat' dir='ltr'><strong>pietas,</strong></span> <span class='ocrx_word' id='word_1_143' title='bbox 428 3220 517 3285; x_wconf 90' lang='lat' dir='ltr'><strong>istud</strong></span> <span class='ocrx_word' id='word_1_144' title='bbox 539 3221 718 3285; x_wconf 87' lang='lat' dir='ltr'><strong>reuerenda</strong></span> <span class='ocrx_word' id='word_1_145' title='bbox 739 3220 883 3286; x_wconf 88' lang='lat' dir='ltr'><strong>uirorum</strong></span> 
     </span>
     <span class='ocr_line' id='line_1_29' title="bbox 117 3307 859 3394; baseline 0.003 -22"><span class='ocrx_word' id='word_1_146' title='bbox 117 3307 263 3372; x_wconf 88' lang='lat' dir='ltr'><strong>Nomina</strong></span> <span class='ocrx_word' id='word_1_147' title='bbox 284 3330 345 3392; x_wconf 89' lang='lat' dir='ltr'><strong>pro</strong></span> <span class='ocrx_word' id='word_1_148' title='bbox 368 3309 495 3392; x_wconf 82' lang='lat' dir='ltr'><strong>patriae</strong></span> <span class='ocrx_word' id='word_1_149' title='bbox 518 3308 685 3394; x_wconf 84' lang='lat' dir='ltr'><strong>relligione</strong></span> <span class='ocrx_word' id='word_1_150' title='bbox 708 3308 859 3374; x_wconf 82' lang='lat' dir='ltr'><strong>habeant</strong></span> 
     </span>
    </p>
   </div>
   <div class='ocr_carea' id='block_1_6' title="bbox 69 3517 1091 3945">
    <p class='ocr_par' dir='ltr' id='par_1_21' title="bbox 143 3517 1086 3592">
     <span class='ocr_line' id='line_1_30' title="bbox 143 3517 1086 3592; baseline 0.005 -20"><span class='ocrx_word' id='word_1_151' title='bbox 143 3517 197 3572; x_wconf 83' lang='lat' dir='ltr'><strong>XV</strong></span> <span class='ocrx_word' id='word_1_152' title='bbox 215 3520 308 3572; x_wconf 69' lang='lat' dir='ltr'><strong>ennii</strong></span> <span class='ocrx_word' id='word_1_153' title='bbox 326 3517 380 3572; x_wconf 79' lang='lat' dir='ltr'><strong>rrn‘</strong></span> <span class='ocrx_word' id='word_1_154' title='bbox 400 3536 496 3573; x_wconf 79' lang='lat' dir='ltr'><strong>aarum</strong></span> <span class='ocrx_word' id='word_1_155' title='bbox 514 3517 541 3571; x_wconf 89' lang='lat' dir='ltr'><strong><em>V</em></strong></span> <span class='ocrx_word' id='word_1_156' title='bbox 573 3521 663 3573; x_wconf 91' lang='lat' dir='ltr'><strong>metro</strong></span> <span class='ocrx_word' id='word_1_157' title='bbox 681 3518 803 3575; x_wconf 88' lang='lat' dir='ltr'><strong>iambico</strong></span> <span class='ocrx_word' id='word_1_158' title='bbox 822 3519 932 3575; x_wconf 89' lang='lat' dir='ltr'><strong>senario</strong></span> <span class='ocrx_word' id='word_1_159' title='bbox 947 3522 983 3575; x_wconf 82' lang='lat' dir='ltr'><strong>ai.</strong></span> <span class='ocrx_word' id='word_1_160' title='bbox 1000 3538 1086 3592; x_wconf 68' lang='lat' dir='ltr'><strong>muro.</strong></span> 
     </span>
    </p>

    <p class='ocr_par' dir='ltr' id='par_1_22' title="bbox 70 3587 1090 3872">
     <span class='ocr_line' id='line_1_31' title="bbox 75 3587 1087 3647; baseline 0.005 -5"><span class='ocrx_word' id='word_1_161' title='bbox 75 3589 102 3642; x_wconf 89' lang='lat' dir='ltr'><strong><em>V</em></strong></span> <span class='ocrx_word' id='word_1_162' title='bbox 174 3588 271 3643; x_wconf 64' lang='lat' dir='ltr'><strong>aselli</strong></span> <span class='ocrx_word' id='word_1_163' title='bbox 294 3588 331 3643; x_wconf 92' lang='lat' dir='ltr'><strong>V¹</strong></span> <span class='ocrx_word' id='word_1_164' title='bbox 416 3590 553 3644; x_wconf 69' lang='lat' dir='ltr'><strong>taebnm</strong></span> <span class='ocrx_word' id='word_1_165' title='bbox 574 3587 610 3643; x_wconf 85' lang='lat' dir='ltr'><strong>V¹</strong></span> <span class='ocrx_word' id='word_1_166' title='bbox 690 3596 707 3644; x_wconf 82' lang='lat'>4</span> <span class='ocrx_word' id='word_1_167' title='bbox 732 3590 821 3646; x_wconf 83' lang='lat' dir='ltr'><strong>nostri</strong></span> <span class='ocrx_word' id='word_1_168' title='bbox 838 3591 950 3646; x_wconf 86' lang='lat' dir='ltr'><strong>medela</strong></span> <span class='ocrx_word' id='word_1_169' title='bbox 974 3591 1087 3647; x_wconf 76' lang='lat' dir='ltr'><strong>Vinctus</strong></span> 
     </span>
     <span class='ocr_line' id='line_1_32' title="bbox 107 3659 1084 3734; baseline 0.004 -20"><span class='ocrx_word' id='word_1_170' title='bbox 107 3659 263 3715; x_wconf 74' lang='lat' dir='ltr'><strong>eamiclas</strong></span> <span class='ocrx_word' id='word_1_171' title='bbox 288 3660 314 3713; x_wconf 91' lang='lat' dir='ltr'><em>V</em></span> <span class='ocrx_word' id='word_1_172' title='bbox 392 3659 518 3729; x_wconf 78' lang='lat' dir='ltr'><strong>aliquid</strong></span> <span class='ocrx_word' id='word_1_173' title='bbox 542 3660 569 3714; x_wconf 93' lang='lat' dir='ltr'><strong><em>V</em></strong></span> <span class='ocrx_word' id='word_1_174' title='bbox 647 3667 662 3714; x_wconf 83' lang='grc'>9</span> <span class='ocrx_word' id='word_1_175' title='bbox 690 3663 769 3731; x_wconf 89' lang='lat' dir='ltr'><strong>prole</strong></span> <span class='ocrx_word' id='word_1_176' title='bbox 794 3662 820 3715; x_wconf 94' lang='lat' dir='ltr'><strong><em>V</em></strong></span> <span class='ocrx_word' id='word_1_177' title='bbox 839 3677 908 3717; x_wconf 77' lang='lat' dir='ltr'><strong>corr.</strong></span> <span class='ocrx_word' id='word_1_178' title='bbox 927 3663 1084 3734; x_wconf 67' lang='lat' dir='ltr'><strong>Laudem!</strong></span> 
     </span>
     <span class='ocr_line' id='line_1_33' title="bbox 70 3730 1068 3788; baseline 0.001 -1"><span class='ocrx_word' id='word_1_179' title='bbox 70 3731 228 3787; x_wconf 73' lang='lat' dir='ltr'><strong>abstemiae</strong></span> <span class='ocrx_word' id='word_1_180' title='bbox 252 3731 288 3785; x_wconf 88' lang='lat' dir='ltr'><strong>V¹</strong></span> <span class='ocrx_word' id='word_1_181' title='bbox 363 3737 396 3786; x_wconf 88' lang='lat'><strong>10</strong></span> <span class='ocrx_word' id='word_1_182' title='bbox 415 3733 539 3787; x_wconf 90' lang='lat' dir='ltr'><strong>retorum</strong></span> <span class='ocrx_word' id='word_1_183' title='bbox 563 3730 599 3783; x_wconf 90' lang='lat' dir='ltr'><strong>V¹</strong></span> <span class='ocrx_word' id='word_1_184' title='bbox 681 3739 714 3787; x_wconf 77' lang='lat'><strong>15</strong></span> <span class='ocrx_word' id='word_1_185' title='bbox 733 3749 812 3788; x_wconf 87' lang='lat' dir='ltr'><strong>maes</strong></span> <span class='ocrx_word' id='word_1_186' title='bbox 829 3739 860 3787; x_wconf 78' lang='lat' dir='ltr'><strong>ut</strong></span> <span class='ocrx_word' id='word_1_187' title='bbox 878 3734 937 3788; x_wconf 79' lang='lat' dir='ltr'><strong>uid.</strong></span> <span class='ocrx_word' id='word_1_188' title='bbox 962 3733 998 3786; x_wconf 90' lang='lat' dir='ltr'><strong>V¹</strong></span> <span class='ocrx_word' id='word_1_189' title='bbox 1023 3750 1068 3788; x_wconf 92' lang='lat' dir='ltr'><strong>me</strong></span> 
     </span>
     <span class='ocr_line' id='line_1_34' title="bbox 70 3751 1090 3872; baseline 0 -15"><span class='ocrx_word' id='word_1_190' title='bbox 70 3807 99 3868; x_wconf 84' lang='lat' dir='ltr'><strong>(a</strong></span> <span class='ocrx_word' id='word_1_191' title='bbox 116 3804 180 3872; x_wconf 78' lang='lat' dir='ltr'><strong>del.)</strong></span> <span class='ocrx_word' id='word_1_192' title='bbox 206 3801 243 3856; x_wconf 85' lang='lat' dir='ltr'><strong>V’</strong></span> <span class='ocrx_word' id='word_1_193' title='bbox 262 3802 361 3872; x_wconf 74' lang='lat' dir='ltr'><strong>(maiza</strong></span> <span class='ocrx_word' id='word_1_194' title='bbox 385 3802 433 3856; x_wconf 84' lang='lat' dir='ltr'><strong>V¹⁸</strong></span> <span class='ocrx_word' id='word_1_195' title='bbox 450 3804 528 3871; x_wconf 64' lang='lat' dir='ltr'><strong>mair)</strong></span> <span class='ocrx_word' id='word_1_196' title='bbox 552 3801 610 3869; x_wconf 66' lang='lat'>1⁷2³)</span> <span class='ocrx_word' id='word_1_197' title='bbox 692 3809 726 3859; x_wconf 75' lang='lat'><strong>20</strong></span> <span class='ocrx_word' id='word_1_198' title='bbox 744 3804 847 3859; x_wconf 88' lang='lat' dir='ltr'><strong>liueros</strong></span> <span class='ocrx_word' id='word_1_199' title='bbox 863 3804 898 3858; x_wconf 89' lang='lat' dir='ltr'><strong>V¹</strong></span> <span class='ocrx_word' id='word_1_200' title='bbox 924 3807 928 3871; x_wconf 93' lang='grc' dir='ltr'>Ι</span> <span class='ocrx_word' id='word_1_201' title='bbox 953 3805 1043 3860; x_wconf 89' lang='lat' dir='ltr'><strong>morte</strong></span> <span class='ocrx_word' id='word_1_202' title='bbox 1064 3751 1090 3857; x_wconf 57' lang='lat' dir='ltr'><strong><em>V</em></strong></span> 
     </span>
    </p>

    <p class='ocr_par' dir='ltr' id='par_1_23' title="bbox 69 3872 1091 3945">
     <span class='ocr_line' id='line_1_35' title="bbox 69 3872 1091 3945; baseline -0.002 -17"><span class='ocrx_word' id='word_1_203' title='bbox 69 3877 192 3930; x_wconf 81' lang='lat' dir='ltr'><strong>mortem</strong></span> <span class='ocrx_word' id='word_1_204' title='bbox 210 3872 335 3945; x_wconf 73' lang='lat' dir='ltr'><strong>Scaliper</strong></span> <span class='ocrx_word' id='word_1_205' title='bbox 404 3879 437 3927; x_wconf 77' lang='lat'><strong>21</strong></span> <span class='ocrx_word' id='word_1_206' title='bbox 457 3874 527 3929; x_wconf 78' lang='lat' dir='ltr'><strong>decet</strong></span> <span class='ocrx_word' id='word_1_207' title='bbox 545 3874 565 3941; x_wconf 73' lang='lat' dir='ltr'><strong>f.</strong></span> <span class='ocrx_word' id='word_1_208' title='bbox 584 3879 622 3930; x_wconf 80' lang='lat'><strong>12</strong></span> <span class='ocrx_word' id='word_1_209' title='bbox 642 3875 677 3931; x_wconf 82' lang='lat' dir='ltr'><strong>ab</strong></span> <span class='ocrx_word' id='word_1_210' title='bbox 694 3876 721 3930; x_wconf 83' lang='lat' dir='ltr'><strong>b.</strong></span> <span class='ocrx_word' id='word_1_211' title='bbox 739 3893 767 3930; x_wconf 79' lang='lat' dir='ltr'><strong>u.</strong></span> <span class='ocrx_word' id='word_1_212' title='bbox 786 3875 824 3931; x_wconf 83' lang='lat' dir='ltr'><strong>od</strong></span> <span class='ocrx_word' id='word_1_213' title='bbox 842 3892 863 3931; x_wconf 91' lang='lat' dir='ltr'><strong>c.</strong></span> <span class='ocrx_word' id='word_1_214' title='bbox 880 3874 987 3929; x_wconf 86' lang='lat' dir='ltr'><strong><em>XXII</em></strong></span> <span class='ocrx_word' id='word_1_215' title='bbox 1003 3891 1044 3931; x_wconf 78' lang='lat' dir='ltr'><strong>ec.</strong></span> <span class='ocrx_word' id='word_1_216' title='bbox 1064 3872 1091 3926; x_wconf 90' lang='lat' dir='ltr'><strong><em>V</em></strong></span> 
     </span>
    </p>
   </div>
   <div class='ocr_carea' id='block_1_7' title="bbox 0 0 1220 4274">
    <p class='ocr_par' dir='ltr' id='par_1_24' title="bbox 0 0 1220 4274">
     <span class='ocr_line' id='line_1_36' title="bbox 0 0 1220 4274; baseline 0 0"><span class='ocrx_word' id='word_1_217' title='bbox 0 0 1220 4274; x_wconf 95' lang='lat' dir='ltr'><strong> </strong></span> 
     </span>
    </p>
   </div>
  </div>
 </body>
</html>
