2430 4274
447 497 769 597 '-ece-

143 712 281 778 quurum
306 689 582 757 enumerationem
605 689 709 755 multe
731 692 879 756 ueterum
897 688 1089 758 fabularum
1106 710 1159 757 ne-

142 784 274 846 nustste
297 779 448 846 contexit.
1176 798 1196 846 ιι

617 950 678 1006 XII.

250 1055 366 1132 (Acirim
385 1055 449 1114 ἐπεὶ
467 1063 606 1129 ποταμοῖο
623 1058 705 1113 λίπεν
723 1053 793 1128 etos
809 1052 978 1131 Ὠκεανοῖο)

251 1131 366 1200 lemque
385 1131 456 1186 odeo
474 1128 580 1185 Oceani
598 1128 721 1198 liquidos
740 1127 812 1199 pede
830 1127 954 1197 liquerat
972 1144 1080 1185 omues.

210 1253 395 1342 Compertis
429 1278 448 1322 o
480 1254 612 1321 Teresia
644 1261 735 1338 uate,
771 1276 852 1340 quae
889 1255 1037 1340 oportuit
1069 1256 1157 1339 scire,

144 1346 325 1431 regreditur
352 1345 393 1409 ed
417 1342 545 1410 Circam
573 1344 615 1409 ab
643 1365 757 1430 esque,
789 1348 826 1408 ut
853 1344 969 1429 enitet,
999 1343 1039 1409 de
1066 1343 1156 1410 mulis

144 1435 259 1499 ceteris
282 1433 446 1498 edocetur:
475 1437 511 1498 ut
534 1430 665 1497 Sirenes
688 1435 885 1517 praetereat,
913 1431 1046 1498 letalem
1068 1434 1187 1501 noui-t

187 1522 290 1587 otium
327 1522 538 1588 cantilenam:
575 1526 612 1587 ut
645 1519 789 1606 Scyllam
825 1520 1095 1606 praeteruehetur
1126 1526 1160 1588 et

172 1609 349 1696 herybdin,
371 1610 447 1676 freti
467 1608 568 1677 Siculi
585 1610 713 1676 famose
730 1613 892 1694 portentu
925 1611 1045 1695 quibus
1064 1611 1158 1676 melis

144 1721 210 1764 uon
234 1721 303 1765 srne
326 1700 419 1786 greui
442 1700 651 1785 perpessione
674 1699 836 1783 superetis
860 1698 1064 1765 Trinacrium
1087 1720 1158 1785 per-

144 1787 288 1875 uehitur,
310 1789 367 1854 ubi
386 1794 419 1854 et
436 1788 635 1854 incustodito
654 1785 739 1854 Solis
758 1790 918 1872 armenta,
941 1787 1066 1853 frustra
1086 1809 1157 1872 pro

144 1876 276 1942 hibente
307 1878 394 1961 ipso,
425 1877 524 1942 ceteri
555 1876 635 1943 socii
667 1877 803 1961 penurie
834 1879 971 1960 cogente
998 1875 1158 1941 dilanient
1174 1893 1196 1943 11

145 1965 288 2050 dirisque
315 1964 472 2051 prodigiis
501 1964 644 2030 admisse
670 1966 768 2032 boum
796 1963 893 2030 coede
914 1967 1094 2030 terrentur:
1122 1984 1158 2030 sc

145 2075 220 2119 mox
247 2053 321 2118 inde
347 2053 541 2138 nauigantes
567 2054 704 2119 fulmine
728 2054 769 2119 sd
792 2074 891 2118 unum
919 2074 1034 2119 omnes
1059 2053 1157 2119 inter·

144 2146 222 2206 eunt
244 2145 377 2226 excepto
402 2141 511 2225 Vlixe,
539 2144 593 2227 qui
621 2142 805 2228 fragmento
829 2141 958 2207 carinae
981 2142 1155 2208 cohaerens

144 2234 177 2295 et
200 2229 394 2296 adminiculo
417 2230 486 2295 eius
510 2230 639 2296 adiutus
658 2230 699 2296 sd
717 2228 882 2316 Ogygiam
905 2229 1046 2296 insulem
1069 2231 1154 2297 solus

142 2320 261 2386 enauit
1169 2334 1189 2384 re

613 2493 685 2548 xm.

242 2593 292 2662 Ὦς
312 2594 413 2668 ἔφαθ’,
433 2595 463 2653 οἱ
478 2594 508 2654 δ’
528 2595 585 2669 ἄρα
603 2595 709 2662 πάντες
726 2593 953 2668 ἅκὴν·ἰγένοντο
972 2597 1084 2669 σιωπήν

250 2669 414 2727 Conticuere
433 2688 528 2727 omnes
548 2671 705 2739 intentique
724 2686 773 2726 ore
791 2669 934 2726 tenebunt.

209 2795 380 2862 Enarretis
404 2798 566 2880 omnibus,
597 2796 737 2880 quaein
760 2796 932 2880 multiplici
956 2816 1067 2863 errore
1089 2817 1151 2883 per·

142 2884 277 2968 tulerat,
305 2907 325 2948 e
347 2885 548 2969 principibus
572 2884 749 2951 Phaeacise
776 2885 857 2950 uiris
885 2885 978 2952 donis
1007 2885 1150 2972 plurimis

141 2972 329 3037 honoretur.
376 2974 536 3058 equibus
565 2975 703 3060 remigio
732 2979 764 3040 et
786 2975 977 3039 necessariis
1009 2975 1172 3040 omnibus

142 3059 235 3124 nauis
264 3060 436 3126 instruitur
463 3062 691 3148 dormiensque
718 3064 753 3128 in
775 3062 923 3129 Ithacam
952 3064 1150 3148 quietissimo

212 3271 278 3326 Xlll
296 3278 312 3327 2
333 3272 438 3342 Vergil.
457 3274 482 3327 A
500 3271 526 3326 ll
547 3281 559 3328 1
580 3274 739 3329 conticuere
759 3304 791 3314 -
811 3272 955 3330 tenebunt.

141 3382 353 3392 --—..—..-.

212 3449 264 3502 XII
290 3450 439 3507 tocceoni
458 3449 486 3504 P
511 3452 516 3516 Ι
546 3465 632 3504 onnes
651 3448 679 3503 P
747 3449 886 3505 tteresis
902 3450 930 3505 P
1001 3450 1073 3504 lde
1091 3447 1146 3504 adt

143 3518 368 3589 Peipcr‚om.Pl
384 3519 460 3574 mele
474 3524 568 3576 cetero
582 3520 709 3589 Vpctetus
752 3520 937 3590 tsyrenesP
975 3514 1150 3577 tscilleml’

144 3589 312 3659 lcerybdin
330 3591 359 3644 P
410 3590 628 3646 8trinechrism
649 3591 677 3644 P
699 3661 705 3674 ι
730 3591 815 3647 cubi
834 3593 875 3663 et]
895 3593 925 3646 et
942 3592 994 3647 del.
1014 3592 1148 3649 Auster

179 3667 209 3714 11
230 3659 328 3732 boum]
349 3661 386 3715 sd
404 3661 459 3717 boll
478 3662 506 3717 P
578 3667 609 3716 12
629 3661 743 3718 flumine
764 3664 792 3717 P
864 3668 898 3716 14
915 3679 1059 3733 sgypyum
1077 3663 1104 3716 P

211 3747 275 3802 Xlll
298 3756 309 3802 1
330 3744 437 3821 ἔφαθ’]
456 3762 509 3818 ece,
530 3750 580 3814 ΡΙ
603 3767 709 3806 mensu
727 3751 756 3804 P
824 3755 841 3805 2
861 3766 1074 3806 omnesomnes
1094 3749 1120 3804 P

141 3825 157 3873 3
176 3818 393 3959 glnyntzrrtgffl'
448 3821 552 3878 lfetie
571 3822 599 3877 P
659 3819 845 3893 tequibue]
864 3820 972 3887 Quibus
993 3820 1149 3894 Pvperes·
