2430 4274
430 551 470 560 -
518 530 691 579 Lxxxvlm
736 550 780 561 -

98 672 196 738 libris
214 677 250 738 et
266 673 314 737 eis
334 693 413 758 quos
432 672 483 737 illi
500 677 705 757 usurparant,
724 678 757 739 et
776 674 821 739 eia
840 675 896 759 qui
911 675 951 740 ad
965 681 1113 742 nostram

93 766 239 828 aetatem
263 764 437 844 uenerunt,
459 761 612 826 habuisse
636 783 710 827 eum
733 767 869 828 constat

163 850 314 916 Basileus
333 851 419 933 apud
438 848 649 915 Valentinum
664 849 837 916 Curionem
857 873 885 916 a.
899 855 984 918 1523
1002 875 1113 918 mense

93 937 251 1005 Ianuario
276 938 364 1004 edita
382 937 509 1004 Ausoni
528 939 683 1022 opuscula
703 960 767 1023 quo
786 940 855 1003 iure
874 939 1022 1005 dicantur
1040 942 1112 1006 dili-

95 1031 212 1114 genter
243 1027 413 1112 recognita
440 1031 474 1091 et
502 1049 580 1091 num
608 1027 684 1112 quid
712 1050 752 1093 ax
780 1027 945 1094 codicibus
973 1030 1112 1114 petitum

95 1117 141 1182 ait
162 1115 277 1181 auxilii
300 1115 425 1181 nescio:
447 1116 525 1180 noui
547 1115 595 1180 nil
618 1116 756 1181 accessit
779 1117 953 1200 opusculis.

163 1202 321 1289 Superest
343 1209 380 1269 ut
402 1203 636 1290 Mariangeli
659 1202 822 1270 Accursi
844 1205 1043 1269 mentionem
1065 1206 1113 1270 fa-

95 1294 231 1378 ciamus,
250 1293 306 1379 qui
324 1297 360 1357 in
380 1291 544 1377 ‚,Diutribe
557 1294 592 1357 in
606 1293 783 1358 Ariconium
799 1293 947 1359 omilium
961 1291 1114 1377 Salicum,

96 1383 141 1449 cd.
159 1381 393 1465 Ronme1524‚
412 1385 542 1466 praeter
558 1379 747 1446 Sannazarii
766 1382 877 1466 copias
896 1404 935 1446 ex
949 1381 1112 1448 Vossiano

97 1471 185 1536 libro
209 1470 357 1535 sublatas
382 1467 436 1556 (de
459 1469 575 1555 quibus
598 1469 789 1535 breuissime
813 1475 850 1535 ut
866 1493 927 1556 par
945 1474 995 1535 est
1014 1493 1112 1557 supra

96 1555 254 1646 diximus)
277 1563 313 1624 et
328 1557 521 1624 HAleandri
541 1558 687 1624 subsidia
705 1558 863 1643 quaedam
881 1558 1111 1625 Periocharum

95 1647 287 1734 apographo
306 1646 387 1712 satis
406 1647 577 1731 inquinato
596 1648 687 1713 uitiis
706 1651 803 1730 atque
822 1648 947 1731 aliquot
965 1647 1112 1713 familiae

94 1736 128 1803 Ζ
145 1735 242 1801 libris
264 1757 331 1801 non
355 1735 529 1801 admodum
552 1736 647 1801 bonis
671 1735 720 1799 uti
741 1736 859 1819 potuit.

162 1823 426 1891 Ausonianorum
450 1823 630 1890 studiorum
654 1846 775 1889 nouam
794 1826 934 1888 aetatem
953 1823 1113 1908 auspicati

95 1918 175 1979 sunt
199 1910 432 1999 Lugdunenses
465 1913 605 1979 editores
636 1910 858 1998 Stephanus
889 1910 1112 1996 Charpinus

95 2001 416 2068 RConstantinus
426 1996 589 2087 (lapdoni
600 2001 783 2085 apudIoon.
796 2001 1112 2087 Tmarsinm1558)‚

96 2113 234 2175 quorum
258 2091 340 2154 alter
359 2090 531 2174 descripsit
548 2090 668 2154 librum
687 2091 878 2155 monasterii
897 2089 928 2154 S.
943 2089 1111 2155 Barbarae

95 2179 129 2244 in
148 2177 264 2244 Araris
287 2180 404 2263 insula,
426 2180 481 2265 qui
504 2200 590 2244 nuno
609 2183 659 2244 est
676 2177 901 2263 Lugdunensis
920 2177 1015 2244 Voss.
1036 2176 1110 2263 111,

96 2268 182 2333 alter
213 2267 385 2332 thesauros
417 2267 492 2332 inde
525 2268 647 2351 petitos
680 2268 864 2353 castigauit.
915 2266 1002 2344 Quos
1035 2289 1111 2332 mox

96 2360 227 2422 secutae
246 2362 322 2421 aunt
339 2356 434 2421 Eliae
452 2354 588 2421 Vineti
626 2356 696 2421 Ios.
722 2355 951 2441 Scaligeri*)
972 2357 1111 2421 aliorum

95 2445 249 2529 deinceps
270 2466 374 2510 curae.
407 2467 445 2509 ex
470 2445 588 2529 quibus
607 2466 706 2509 unum
725 2443 766 2508 N.
785 2443 989 2508 Heinsium
1008 2445 1111 2507 norni-

96 2556 176 2599 nare
194 2533 276 2599 satis
294 2534 409 2616 habeo,
428 2535 518 2599 ouius
538 2533 779 2598 emendationes
799 2554 872 2596 oum
891 2554 930 2596 ex
950 2553 1112 2596 commen-

95 2622 192 2688 tariis
224 2623 266 2687 ab
297 2622 369 2707 ipso
398 2622 493 2687 editis
520 2626 591 2687 tum
621 2644 660 2686 ex
688 2621 862 2705 exemplari
891 2618 1112 2685 Tornaeaiano

95 2711 316 2777 bibliothecae
343 2710 511 2775 Leidenais
540 2708 620 2796 (758
644 2710 670 2776 F
695 2710 764 2794 11),
797 2732 860 2794 quo
894 2716 927 2772 et
956 2713 1051 2794 pater
1079 2712 1112 2773 et

95 2801 184 2865 filius
212 2799 400 2884 utebantur,
429 2799 622 2884 deprompsi.
668 2821 746 2864 nam
775 2821 855 2884 quas
879 2797 1032 2862 Sebisio
1057 2798 1113 2862 ad·

96 2911 235 3044 {hit
251 2891 466 3061 2⁰53?ch
484 2886 1112 3055 tilithi?vttlshhitpttr

95 3088 214 3132 reuera
241 3064 390 3130 Andreae
423 3066 518 3130 iatius
550 3065 685 3148 fuerint,
717 3065 809 3129 cuius
840 3086 960 3129 nornen
989 3064 1112 3149 gentile

97 3177 227 3222 erasum
250 3153 438 3219 Sebisianae
462 3155 568 3239 gentis
588 3175 680 3218 arma
697 3153 847 3236 inpressa
866 3152 1022 3218 uolumini
1041 3173 1113 3235 pro-

96 3243 190 3325 dunt,
214 3265 256 3307 an
279 3244 363 3308 alius
386 3243 450 3307 uiri
474 3243 569 3325 docti,
592 3243 683 3306 cuius
702 3243 754 3306 uel
774 3247 850 3306 ante
872 3241 926 3306 uel
944 3244 1021 3324 post
1039 3261 1113 3304 eum

97 3333 181 3397 illud
206 3332 371 3416 exemplar
393 3331 471 3414 fuit,
494 3353 560 3395 non
584 3332 676 3414 potui
700 3332 877 3416 explorare.

171 3507 198 3575 ')
218 3505 315 3562 Vineti
340 3522 413 3575 quac
432 3508 538 3572 essent,
560 3521 633 3574 quae
654 3503 791 3574 Scaligeri
809 3504 1034 3570 emendationes,
1058 3518 1114 3556 non

96 3578 179 3650 potui
206 3579 314 3646 quanta
341 3579 370 3632 ct
393 3577 453 3646 ipse
476 3577 607 3632 uolebam
629 3578 659 3631 et
680 3575 829 3646 flagitabat
852 3575 1021 3630 Deaeimeris
1047 3588 1115 3628 cura

96 3650 270 3718 discernere,
295 3664 359 3703 cum
377 3647 473 3703 Vineti
494 3665 526 3703 eo
545 3648 655 3703 tantum
675 3646 829 3716 exemplari
848 3647 890 3700 uti
904 3646 1015 3712 liceret,
1039 3641 1115 3713 quod

95 3719 395 3847 {fflffixhffllangim
428 3718 485 3774 suia
518 3719 612 3788 coepit
643 3717 740 3772 formis
768 3717 851 3773 edere
878 3716 938 3772 Vll.
968 3716 1008 3770 Id.
1033 3715 1115 3768 Febr.
