2430 4274
515 519 735 583 ..43-

67 734 70 743 .
129 669 258 740 Sortitos
279 674 383 761 igitur
405 681 474 741 tam
497 698 573 742 cara
594 679 755 744 uocabuhs
776 680 872 745 nobis
1116 700 1133 750 1

165 761 369 849 Stringamus
393 766 510 831 maesti
532 768 685 832 carminis
708 767 874 853 obsequio.

60 860 62 865 ’
128 850 272 927 Quamuis
296 851 472 920 Santonica
493 856 607 939 procul
630 858 663 920 in
686 856 804 921 tellure
827 858 969 925 iacentes

163 941 314 1007 PeruenIt
336 943 377 1009 ad
400 964 511 1008 manes
535 945 712 1029 exequialis
735 945 849 1011 honor.

86 1147 127 1204 1111]
190 1133 278 1190 XXII.
304 1133 470 1191 SEVERVS
488 1133 633 1191 CENSOR
652 1136 826 1193 IVLIANVS
845 1136 1046 1194 CONSOCER.

121 1257 276 1346 Desinite,
300 1284 320 1327 o
344 1265 484 1345 ueteres,
508 1260 685 1349 Calpurnia
708 1265 855 1343 nomina,
877 1264 942 1331 Fra
970 1267 977 1280 '

158 1349 206 1415 Vt
228 1351 400 1436 proprium
421 1349 485 1417 hoc
508 1355 636 1417 uestrae
660 1355 768 1438 gentis
793 1354 914 1419 habere
960 1377 1042 1421 ecus.

118 1436 183 1505 Nec
207 1440 298 1505 solus
323 1461 451 1525 semper
474 1461 589 1506 censor
611 1439 694 1507 Oato
718 1464 777 1508 neo
800 1442 863 1508 sibi
888 1444 976 1509 solus

156 1526 270 1592 Iustus
294 1527 455 1593 Aristides
478 1528 530 1593 his
554 1530 706 1613 placeant
728 1531 844 1596 titulis.

115 1614 200 1680 Nam
224 1617 354 1702 sapiens
378 1617 570 1702 quicumque
592 1617 657 1683 fuit
680 1641 856 1704 uerumque
878 1620 1038 1706 fidemque
1115 1635 1132 1685 5

157 1704 223 1780 Qui
247 1704 361 1789 coluit,
385 1707 536 1772 comitem
560 1728 594 1771 se
618 1706 692 1784 tibi,
716 1705 854 1791 Censor,
878 1713 964 1794 agat.

113 1792 161 1857 Tu
186 1794 297 1879 granis
321 1799 354 1859 et
377 1795 478 1859 comis
502 1817 575 1860 oum
598 1795 789 1881 iustitiaque
812 1797 980 1883 remissus,

156 1882 309 1947 Austeris
333 1882 447 1948 doetus
471 1883 604 1968 iungere
628 1885 827 1968 temperiem.

113 1969 966 2057 hmfflmffimmmmmm

156 2058 292 2144 Optasti
314 2064 444 2125 nostras
469 2061 653 2126 consociare
677 2062 799 2128 domos.
1097 2079 1129 2128 10

110 2146 240 2231 Nempe
263 2148 375 2234 aliqua
397 2150 432 2213 in
455 2149 549 2215 nobis
574 2172 700 2215 morum
724 2152 896 2216 simulacra
920 2156 1049 2217 tuorum

156 2235 295 2322 Effigies
318 2239 423 2302 nostri
447 2239 597 2321 praebuit
620 2240 756 2323 ingenii:

111 2326 182 2389 Aut
205 2326 272 2389 iam
295 2324 458 2390 Fortunae
482 2329 530 2390 sio
554 2349 588 2390 sc
612 2329 739 2412 uertIgo
763 2331 907 2411 rotabat,

156 2413 204 2478 Vt
228 2415 354 2498 pondus
377 2415 456 2479 fatis
480 2419 546 2480 tam
572 2416 659 2480 bona
682 2420 760 2480 uota
783 2417 905 2480 darent.

110 2499 146 2565 Si
172 2503 250 2586 quid
274 2508 355 2587 aput
377 2525 489 2569 manes
513 2505 628 2587 sentis,
652 2505 742 2568 fouet
760 2504 822 2569 hoo
840 2505 903 2568 tibi
921 2507 1073 2585 mentem,
1099 2518 1130 2568 lo

157 2590 253 2667 Quod
277 2592 348 2657 fieri
371 2598 521 2676 optaras,
543 2593 576 2657 id
599 2594 741 2658 uoluisse
764 2593 867 2657 deum.

62 2803 116 2850 [rer]
168 2782 269 2836 XXIII.
296 2782 479 2838 PAVLINVS
498 2784 546 2838 ET
566 2783 732 2838 DRYADIA
751 2783 835 2838 FILII
855 2782 1006 2839 PAVLINI
1025 2782 1072 2837 ET

339 2853 581 2909 MEGENTIRAE
602 2855 755 2910 SORORIS
775 2854 904 2911 EILIAE.

111 2980 176 3058 Qui
198 3003 320 3046 nomen
343 2982 532 3067 uultumque
555 2983 673 3066 patris,
696 2982 845 3066 Pauline,
868 2983 1018 3067 gerebas,

156 3071 282 3134 Amissi
305 3070 467 3153 specimen
491 3067 548 3153 qui
570 3072 725 3155 genitoris
750 3094 835 3136 eras:

184 3262 380 3317 usanennica
403 3261 452 3333 VI
473 3262 578 3317 iacetes
597 3263 621 3331 (·
643 3279 677 3317 as
697 3265 723 3332 ὲ)
747 3262 774 3317 V
843 3267 859 3317 8
880 3261 1047 3331 exsequialis
1071 3263 1098 3317 V

183 3349 365 3406 XXIIinscr.
385 3352 573 3405 uccenseatis
595 3350 640 3416 VI
657 3352 800 3421 consocer]
819 3352 859 3406 sic
883 3351 909 3404 V
980 3356 1083 3405 loss.
1107 3350 1135 3404 V

145 3421 320 3477 tabereV
389 3421 555 3475 taristidis
579 3422 606 3476 V
627 3439 696 3476 corr.
715 3421 847 3491 Luydun.
922 3422 1056 3491 'Igrabis
1081 3420 1130 3492 VI

109 3510 208 3550 comes
227 3495 252 3562 (s
266 3495 412 3560 oteaern
432 3493 458 3546 V
474 3492 686 3561 walcadus.
741 3498 909 3564 esang'rne
929 3495 1025 3564 (gua
1040 3492 1132 3547 cauda

108 3566 288 3630 inruant)
312 3565 357 3634 VI
382 3563 467 3634 inngo
493 3564 528 3618 V¹
595 3570 627 3618 10
646 3563 752 3619 obtatis
777 3564 886 3620 Vcorr.
904 3564 1035 3635 Lacydon
1097 3569 1129 3617 11

109 3639 213 3724 aliqui
230 3654 261 3707 in
280 3654 307 3708 V
322 3669 391 3707 corr.
407 3651 539 3721 Lapdam.
596 3657 628 3706 13
648 3651 759 3706 fortune
779 3652 806 3706 V
859 3658 891 3707 15
911 3652 978 3722 quid
997 3651 1129 3722 Iaspdan.

109 3743 169 3795 qna
192 3724 238 3794 V!
254 3725 333 3780 fobet
357 3724 383 3777 V
436 3730 469 3779 16
489 3725 603 3778 obteras
627 3723 809 3794 Viscqm'tar
827 3739 923 3778 omaso
941 3739 1049 3778 causus
1072 3722 1099 3776 V

182 3811 276 3867 xxm
295 3814 378 3867 sese.
398 3813 449 3868 zea.
470 3813 584 3866 minace
609 3812 652 3880 νι
673 3811 784 3867 duona
801 3812 843 3867 su
866 3812 893 3868 V
911 3810 999 3885 11111
1019 3810 1046 3869 v
1064 3826 1139 3868 ose.

109 3885 240 3954 Scaliycr
256 3887 264 3951 J
283 3889 349 3950 post
365 3885 445 3936 inser.
466 3899 564 3938 maus
580 3901 689 3943 uacuus
713 3884 741 3942 V
