2430 4274
485 563 726 629 -421-

94 721 212 787 Innida
234 743 292 787 cur
314 721 348 785 in
371 742 423 786 me
447 720 637 800 stimulasti,
660 721 768 805 Musa,
790 721 972 805 Maronem,

139 809 296 895 Fingeret
319 813 355 874 ut
377 814 509 875 nostrae
533 811 651 875 damna
672 810 871 895 pudicitiae?

96 897 165 964 Vos
188 898 295 985 magis
319 897 497 981 historicis,
521 898 672 983 lectores,
695 899 813 965 credite
836 899 875 964 de
897 921 961 984 me,
1077 916 1108 966 15

141 986 247 1064 Quam
271 986 327 1071 qui
349 985 439 1051 furta
462 985 557 1051 deum
580 987 833 1072 concubitusque
857 991 977 1053 canunt

95 1074 250 1141 Falsidici
272 1077 377 1157 uates,
399 1077 560 1139 temerant
582 1076 637 1160 qni
660 1077 804 1141 carmine
827 1098 940 1143 uarum

139 1163 363 1248 Humanisquc
387 1163 464 1229 deos
488 1165 671 1229 assimilant
693 1165 792 1231 uitiis.

51 1445 80 1487 11
94 1447 218 1495 [cmm]
241 1424 291 1479 DE
310 1424 545 1481 nsnnfflomo
565 1425 799 1483 GRAMMATICI
817 1427 1011 1483 INMVSTO.

96 1571 211 1636 ‘Arma
225 1568 407 1654 uirumqne'
421 1570 539 1636 doeens
554 1574 651 1655 atque
666 1569 769 1636 ‘arma
783 1571 963 1657 uirumqua'
977 1572 1111 1658 peritus,

140 1657 217 1726 Non
239 1658 316 1723 duxi
339 1680 486 1744 uxorem,
509 1658 566 1724 sed
588 1659 694 1744 magis
717 1682 820 1743 arms,
844 1660 985 1727 domum.

95 1747 245 1832 Namque
269 1746 336 1811 dics
358 1750 448 1813 totos
471 1751 622 1832 totasque
646 1770 685 1813 ex
708 1748 820 1815 ordine
842 1752 953 1814 noctes

140 1835 269 1902 Litibus
293 1839 461 1922 oppugnat
485 1858 600 1921 meque
623 1858 794 1921 meumque
816 1837 932 1922 larem3

95 1926 220 2009 Atque,
242 1929 280 1989 ut
302 1926 467 2010 perpetuis
491 1926 604 1991 dotata
628 1928 774 1990 amatre
798 1924 928 2010 duellis,
1093 1941 1109 1991 8

142 2013 244 2077 Arma
266 2013 301 2078 in
323 2035 375 2078 mc
398 2014 500 2093 tollit,
523 2035 584 2079 nec
607 2012 701 2079 datur
724 2014 792 2079 ulla
814 2014 915 2098 quies.

96 2102 232 2187 Iamque
255 2103 452 2188 repugnanti
474 2101 589 2167 dedam
613 2124 678 2185 mc,
700 2107 738 2167 ut
761 2103 898 2188 deniqne
921 2103 1010 2170 uicta

142 2189 255 2276 Iurget
279 2190 320 2256 ob
345 2191 407 2256 hoc
431 2191 549 2276 solum,
572 2192 678 2278 iurgia
701 2192 786 2274 quod
808 2191 941 2277 fugiam.

168 2415 207 2470 Ill
437 2411 568 2485 Ἀναθίον
588 2411 605 2485 ἢ
624 2418 771 2472 Παλλαδᾶ.

239 2505 338 2574 Μῆνιν
356 2500 436 2560 ἄειδε
455 2500 559 2574 puteis
578 2504 628 2559 sul
646 2506 731 2574 μῆνιν
749 2501 829 2559 ἄειδε
848 2502 967 2572 διδάξας

292 2571 449 2646 οὐλομένην
468 2572 593 2663 γαμετὴν
612 2570 760 2644 ἠγαγόμην
779 2570 794 2630 ὁ
814 2572 913 2638 τάλας·

240 2649 307 2701 Πᾶν
324 2642 354 2701 δ’
373 2637 450 2716 ἦμαρ
468 2666 588 2716 polesot
606 2648 656 2701 sul
673 2649 815 2716 παννυχίη
834 2648 989 2732 πολεμίζει,

293 2711 330 2780 ὥς
347 2713 426 2785 παρὰ
444 2718 494 2786 τῆς
512 2715 615 2787 μητρὸς
633 2722 737 2785 προῖκα
756 2718 881 2803 λαβρῦσα
900 2737 1001 2787 pulpa.

231 2782 336 2874 7¹⁹0&
355 2785 431 2844 θέλω
450 2789 534 2876 puysie
552 2787 602 2843 acl
620 2786 785 2877 μαρναμὲνῃ
804 2790 963 2874 ouoss'pssss,

293 2879 405 2928 οττιπερ
424 2878 458 2914 ον
478 2878 616 2929 paulopost,
638 2862 707 2914 τονδ
740 2857 838 2914 ἕνεκεν
857 2879 984 2930 possset.

96 2964 131 3003 ex
150 2946 317 3002 Philostrati
344 2947 440 3004 codice
459 2945 632 3002 Boissonsde
650 2947 686 3002 ad
704 2947 827 3003 eiusdem
846 2946 990 3004 heroicum
1008 2965 1036 3018 p.
1057 2952 1109 3003 688

96 3016 188 3074 edidit
216 3017 300 3073 Anth.
316 3018 413 3074 Gracc.
432 3017 477 3072 ed.
491 3017 593 3073 Jacobs
612 3020 632 3073 t.
648 3017 674 3072 11
693 3024 743 3073 ⁷47
759 3021 788 3073 ct
807 3018 913 3074 111ass
933 3020 978 3088 (cf.
994 3019 1108 3076 Anthol.

96 3088 158 3143 Pal.
233 3088 259 3142 ΙΙ
278 3094 329 3145 188
348 3087 435 3159 (Plan.
456 3088 468 3142 l
489 3093 573 3159 17,1)

171 3304 204 3354 18
223 3299 391 3356 assimulant
415 3301 471 3356 VA

169 3388 208 3443 Ill
226 3388 268 3445 De
286 3390 408 3445 infausto
426 3388 467 3455 (in
481 3389 586 3445 Fausto
604 3388 642 3458 V)
661 3386 840 3443 matrimonio
910 3387 1035 3443 mmatici
1055 3389 1111 3443 Vs

97 3463 300 3544 toppugnant
315 3461 352 3514 M
366 3477 438 3542 sorr.
453 3461 510 3514 VA
536 3531 542 3542 Ι
566 3461 807 3540 tdotatamatre
822 3459 871 3540 M·
907 3459 932 3513 d.
947 3475 965 3513 a
982 3459 1110 3544 llastesl

96 3532 327 3658 lutat?
345 3530 826 3671 ttllzelpttttlsttl
845 3532 921 3584 ΜΟ
940 3531 1074 3586 'ml
