2430 4274
531 532 748 597 ..41-

126 690 219 777 cape
243 712 378 757 munera
398 691 509 757 tristia
530 696 675 777 patruni,

125 780 355 847 Lacrimabilis
378 802 454 846 orsa
476 782 651 865 querellae,

127 869 222 948 Quae
246 869 378 935 funereo
401 869 570 935 modulatu

127 958 206 1024 Tibi
229 962 374 1024 maestus
397 958 573 1024 avunculus
597 959 701 1023 offert.

77 1171 136 1221 [ιῖτ]
169 1150 269 1207 XVIII.
295 1149 349 1205 FL.
368 1149 714 1205 snucuvsunnluvs
733 1148 994 1205 PVDENTILLAII
1014 1148 1111 1217 QVAE

426 1220 548 1276 SOROR
566 1220 724 1276 SABINAE
742 1220 853 1277 MEAE.

129 1349 195 1426 Qui
219 1348 293 1413 ioca
314 1347 538 1432 laetitiamque
561 1350 654 1433 colis,
677 1350 733 1434 qui
756 1349 867 1414 tristia
890 1349 1024 1414 damnas

176 1435 247 1502 Nec
271 1438 389 1501 metuis
414 1458 609 1522 quemquam
632 1459 692 1503 nec
715 1437 904 1503 metuendus
929 1439 1013 1523 agis,

129 1526 196 1602 Qui
219 1525 346 1590 nullum
369 1525 498 1591 insidiis
522 1531 634 1610 capt-as
657 1549 716 1591 nec
739 1527 797 1591 lite
820 1526 967 1609 lacessis,
1034 1577 1041 1587 ,

176 1612 239 1679 Sed
262 1614 383 1678 iustam
407 1618 440 1679 ct
462 1616 603 1679 clemens
626 1615 728 1680 uitam
752 1617 823 1701 agis
846 1621 877 1678 el
902 1614 1044 1699 sapiens:

129 1702 342 1787 Tranquillus
365 1724 476 1768 manes
500 1725 714 1788 supremaque
738 1704 832 1768 mitia
855 1700 966 1768 Sancti
1131 1718 1147 1768 5

176 1790 241 1857 Ore
265 1790 320 1875 pio
344 1796 377 1855 et
399 1791 508 1857 uerbis
531 1793 728 1857 aduenerare
751 1791 855 1857 bonis.

129 1880 289 1945 Militiam
312 1879 402 1944 nullo
426 1882 482 1965 qui
505 1881 634 1945 turbine
658 1879 789 1945 sedulus
814 1881 895 1965 egil,

176 1967 330 2033 Praeside
353 1969 494 2033 laetatus
518 1991 580 2054 quo
604 1967 788 2053 Rutupinus
813 1989 903 2053 ager,

132 2057 311 2141 Octoginta
335 2079 437 2122 annos
462 2057 553 2122 cuius
576 2058 753 2142 tranquilla
776 2061 923 2122 senectus

177 2144 279 2209 Nullo
303 2146 445 2210 mutauit
468 2146 627 2212 deteriore
651 2147 710 2212 die.
1116 2164 1148 2212 10

130 2234 223 2318 Ergo
246 2256 378 2320 precare
401 2235 530 2318 fauens,
556 2239 593 2298 ut
615 2236 724 2319 qualia
746 2239 893 2321 tempora
915 2236 1016 2320 uitae,

178 2321 274 2386 Talia
297 2328 330 2386 et
354 2323 394 2387 ad
417 2345 528 2388 manes
552 2324 621 2388 otia
644 2322 781 2389 Sanctus
805 2328 891 2409 agat.

79 2536 139 2583 [iss]
296 2513 412 2568 XVIIII.
441 2513 560 2568 NAMIA
579 2513 816 2570 PVDEN'IILLA
834 2514 989 2570 ADFINIS.

131 2641 245 2725 Tuque
269 2640 484 2705 Pudentillam
508 2641 616 2706 uerbis
642 2641 752 2705 adfare
776 2640 948 2725 supremis,

178 2730 269 2805 Quae
293 2728 398 2794 famae
422 2752 546 2812 curam,
570 2752 651 2814 quae
675 2730 849 2814 probitatis
872 2730 983 2795 habes.

132 2817 265 2884 Nobilis
289 2818 381 2901 haec,
405 2818 505 2904 frugi,
527 2819 645 2903 proba,
668 2820 767 2903 laeta,
791 2819 921 2904 pudica,
946 2819 1074 2903 decora,

179 2904 377 2993 Coniugium
403 2905 514 2972 Sancti
537 2907 657 2993 iugiter
680 2908 759 2972 haec
782 2908 905 2973 habuit.

207 3086 240 3134 16
259 3098 359 3135 munna
377 3081 458 3136 triste
477 3080 554 3136 Sculi
571 3085 690 3148 εν1,81
707 3086 819 3152 patrum
840 3083 940 3152 Peipcr
957 3085 1105 3153 parentum
1125 3083 1153 3137 V

133 3159 165 3206 17
186 3151 370 3207 lacrimauilia
395 3151 430 3206 V¹
456 3156 460 3221 Ι
487 3169 532 3206 ora
595 3170 657 3208 crea
675 3152 797 3225 Scaliger
812 3158 871 3222 1,8
936 3159 969 3209 18
988 3154 1102 3209 funereo
1118 3156 1151 3225 ll]

131 3222 296 3278 modulatus
324 3239 372 3277 ore
400 3228 443 3290 (ex
466 3223 563 3278 funere
588 3225 679 3281 omod.
704 3226 751 3293 cl.)
779 3224 806 3280 V
827 3241 895 3280 corr.
915 3225 1037 3280 Schenkl.
1070 3224 1148 3279 fune·

129 3312 210 3349 reum
229 3293 392 3419 rqodulsstua
410 3294 535 3364 Scaliger
555 3300 619 3363 1,8
693 3301 725 3351 19
744 3297 836 3350 metue
856 3296 883 3350 V
899 3312 967 3350 corr.
986 3294 1117 3366 Lugdua.
1144 3296 1148 3368 Ι

130 3381 246 3434 auungu
260 3382 293 3419 us

129 3454 178 3525 pt*
205 3452 296 3508 XVIII
326 3471 506 3508 rarnnuruaa
531 3460 561 3522 q·
584 3471 662 3508 soror
686 3453 828 3527 sabineme
852 3455 879 3509 V
902 3474 929 3524 q.
949 3458 977 3522 (ι’.
997 3456 1148 3525 quondam)

130 3543 241 3580 scaonis
259 3524 411 3580 Mommsen
465 3531 656 3594 tquenquam
675 3525 702 3579 V
754 3523 864 3580 4iusta
882 3525 1145 3597 Vcorr.ScuIiyerl

130 3599 161 3651 ct
179 3594 295 3666 sapiens
314 3595 438 3666 Scaliger
453 3601 512 3663 1‚u
532 3600 560 3650 et
579 3613 628 3651 om.
646 3596 672 3650 V
741 3602 757 3650 5
776 3597 870 3651 miliia
894 3596 921 3651 V
936 3614 1004 3652 corr.
1025 3597 1148 3664 Scaliger

130 3673 198 3735 1,8
272 3667 367 3747 Sprio
392 3666 837 3736 Vccrr.1m9dun.lneruisl⁷
904 3669 986 3736 Iqui
1005 3684 1054 3723 om.
1077 3667 1113 3722 V¹

129 3740 370 3808 Brumptupmur
394 3738 421 3792 V
491 3740 674 3806 9octuginta
696 3738 724 3792 V
795 3745 825 3792 11
847 3737 944 3794 labens
969 3739 995 3793 V

127 3826 311 3954 ⁴‘blllqulgl
337 3826 464 3881 lueriis
488 3826 514 3880 V
585 3827 767 3897 uproaitatis
785 3827 904 3887 abesV
967 3825 1112 3885 tnuuilis
1127 3825 1156 3884 V

224 3915 236 3951 1
