2430 4274
441 548 595 615 -387
645 585 684 597 -

539 774 598 830 XV.

179 875 275 950 Αὐτὰρ
295 876 358 937 luet
376 877 426 935 διά
445 899 475 936 ra
495 877 635 943 σκόλοπας
652 880 701 936 sal
719 877 829 951 τάφρον
849 879 954 955 ἔβησαν

184 953 244 1006 Iam
262 951 551 1020 nallnmfossamque
569 967 653 1022 super
672 951 794 1008 licimo
811 954 943 1009 iuuentus

184 1021 331 1078 Institeret
352 1027 452 1092 captae
471 1022 605 1077 minitans
624 1022 754 1078 incendia
772 1024 878 1078 classis.

123 1147 274 1233 Iuppiter
297 1170 411 1214 somno
433 1149 619 1234 expergitus
639 1149 728 1214 uidet
745 1152 868 1215 etatum
886 1149 1075 1216 certaminis

56 1239 250 1303 innouatum
282 1238 423 1322 pellique
452 1236 624 1320 morenos,
657 1236 791 1303 Graecis
824 1259 919 1322 opem
950 1238 1110 1306 ferentes

57 1325 222 1411 Neptuno.
254 1327 364 1409 itaque
388 1346 501 1410 aspere
524 1323 648 1390 Iunone
666 1327 835 1410 increpata
854 1331 887 1391 et
904 1326 1075 1394 minaciter

57 1436 116 1498 per
148 1413 269 1480 Iridem
301 1412 401 1479 fratre
434 1414 611 1479 conterrito
644 1415 733 1480 iubet
766 1407 993 1480 auxiliatorem
1024 1414 1075 1480 de-

57 1505 183 1568 sistere.
236 1503 307 1587 ipse
339 1502 524 1586 Apollinem
561 1503 736 1568 recreando
774 1503 906 1589 adlegat
937 1502 1075 1569 Hectori

57 1595 232 1677 monetque
264 1612 323 1675 pro
357 1589 540 1675 Phrygibus
577 1591 656 1655 belli
687 1591 868 1657 instaurare
901 1592 1074 1658 fortunam.

55 1684 127 1744 tum
146 1684 179 1744 et
197 1679 282 1745 Aiax
301 1679 510 1744 Telamonius
529 1683 659 1744 strenue
677 1680 856 1764 proeliatur
874 1683 907 1744 et
925 1679 1074 1764 plurimis
1093 1697 1128 1749 ιο

56 1768 202 1835 hostium
224 1766 403 1834 interfectis
427 1767 639 1854 conflagratio
662 1767 776 1833 classis
799 1772 936 1833 arcetur.

528 1993 601 2051 XVI.

183 2121 225 2180 ste
243 2115 273 2173 ol
288 2115 342 2188 μὲν
360 2118 426 2186 περὶ
444 2113 513 2187 νηὸς
532 2114 696 2188 ἐυσσέλμοιο
714 2115 838 2188 μάχοντο

182 2188 256 2243 Dum
273 2188 350 2255 face,
370 2189 437 2244 dnm
455 2189 528 2244 ferro
547 2188 653 2244 celsam
672 2188 813 2244 adfectare
832 2189 958 2245 carinam

183 2260 269 2315 Troes
288 2261 317 2314 et
335 2258 461 2330 Argolici
479 2264 602 2330 pergunt
620 2259 770 2315 defendere
788 2277 876 2328 reges.

124 2402 268 2469 Achilles
287 2402 483 2469 Graecorum
506 2406 629 2469 statum
650 2403 717 2468 iam
740 2405 801 2469 sub
822 2408 967 2470 extrema
985 2407 1073 2470 sorte

55 2492 231 2558 miseratus
253 2493 452 2578 tegminibus
472 2493 539 2557 suis
558 2492 745 2566 Patroclum
763 2492 925 2576 permittit
943 2492 1107 2559 armarit

55 2582 113 2665 qni
150 2601 223 2646 cum
259 2580 503 2665 Myrmidonum
544 2580 749 2665 produxisset
784 2581 960 2646 exereitum
997 2602 1073 2647 con·

57 2674 285 2753 sternatosque
300 2669 460 2736 Troianos
475 2669 613 2737 Achillis
628 2668 735 2753 specie
749 2668 929 2754 fefellisset
942 2672 1073 2734 mentes

57 2780 156 2842 supra
195 2759 318 2824 uallum
356 2762 390 2862 et
425 2759 565 2824 inuicem
602 2757 794 2861 officientes·
819 2778 913 2824 caeco
951 2779 1072 2842 pauore

57 2846 1126 3021 tilietifillidittfffltutfftiiffft10

56 3023 199 3090 Hectore
222 3024 417 3090 interficitur
439 3025 529 3109 prius
553 3025 595 3089 ab
620 3023 799 3110 Euphorbo
824 3025 1020 3092 uulneratus.

128 3249 180 3305 XV
205 3257 218 3305 1
239 3247 368 3307 insideri
388 3270 418 3306 τε
438 3248 579 3313 σκόλοπας
596 3251 658 3323 sal]
679 3269 724 3306 επι
744 3255 998 3322 arxrecrolonaoay
1013 3252 1041 3306 P

55 3329 72 3377 3
92 3321 196 3377 insidia
209 3321 308 3378 elassis
319 3322 347 3375 P
364 3322 448 3377 classi
463 3323 589 3393 Vpoletus
640 3328 655 3377 7
670 3323 786 3377 fratrem
800 3321 953 3377 conterrita
962 3323 990 3377 P
1001 3339 1071 3379 corr.

56 3392 248 3449 Accessiones
321 3392 517 3464 8eppolinem
537 3393 565 3446 P
633 3391 816 3463 sphn’gibus
835 3393 864 3446 P
930 3398 963 3448 10
981 3394 1071 3450 thela-

55 3463 166 3519 monius
184 3463 213 3516 P
232 3466 238 3533 Ι
263 3467 374 3520 strenue
400 3465 525 3533 Vpoletus
553 3481 638 3534 grene
657 3465 732 3533 (add.
753 3479 832 3519 cruce
848 3464 881 3519 in
898 3464 996 3536 moro.)
1018 3465 1045 3519 P
1064 3466 1068 3536 Ι

55 3533 193 3604 preliator
210 3535 255 3604 ΡΙ
278 3536 308 3589 et
326 3533 467 3607 plurimis]
487 3538 515 3591 et
533 3551 583 3590 oen.
600 3535 672 3590 Pet
689 3534 725 3588 ab
745 3534 843 3589 eodem
862 3536 927 3591 odd.
946 3535 1071 3607 Vpoletos

127 3621 193 3679 XVI
211 3629 225 3677 1
245 3622 323 3694 usui]
343 3640 404 3678 ncrr
418 3625 446 3678 P
467 3626 472 3693 Ι
497 3627 622 3689 &aanor
635 3624 664 3677 P
722 3627 821 3678 icum
840 3624 901 3679 face
918 3627 979 3679 tum
998 3623 1070 3680 ferro

54 3693 211 3767 Heiua'uel
234 3693 379 3749 adfectare
394 3694 501 3764 Peiper,
516 3695 641 3760 Schenkl,
660 3693 762 3750 affecta
781 3695 809 3748 P
860 3701 877 3749 3
896 3698 988 3751 troeos
1010 3694 1037 3748 P
1059 3756 1062 3761 ⁵

55 3770 72 3819 4
92 3763 204 3819 achillis
223 3765 252 3819 P
320 3766 505 3820 omiseratur
522 3767 551 3820 P
573 3767 578 3834 1
603 3783 621 3819 a
670 3765 763 3820 inibus
783 3765 810 3819 P
832 3781 901 3822 corr.
921 3766 1036 3821 Schenkl

54 3834 298 3903 emirmydonum
319 3836 348 3889 P
419 3835 590 3892 *liefelisset
717 3836 848 3906 8supra]
869 3835 918 3891 erit
936 3837 987 3906 ΡΙ
1012 3835 1072 3890 effi·

55 3903 165 3961 cientes
186 3906 214 3960 P
230 3923 300 3962 corr.
315 3906 466 3964 Aacursius
539 3913 572 3962 10
590 3907 651 3977 ipse
670 3905 706 3962 ed
719 3908 729 3975 Ι
743 3906 780 3962 ab
798 3907 913 3961 hectore
934 3907 962 3960 P

857 3993 912 4049 lt*
