<?xml version="1.0" encoding="UTF-8"?>
<!DOCTYPE html PUBLIC "-//W3C//DTD XHTML 1.0 Transitional//EN"
    "http://www.w3.org/TR/xhtml1/DTD/xhtml1-transitional.dtd">
<html xmlns="http://www.w3.org/1999/xhtml" xml:lang="en" lang="en">
 <head>
  <title>
</title>
<meta http-equiv="Content-Type" content="text/html;charset=utf-8" />
  <meta name='ocr-system' content='tesseract 3.04.00' />
  <meta name='ocr-capabilities' content='ocr_page ocr_carea ocr_par ocr_line ocrx_word'/>
</head>
<body>
  <div class='ocr_page' id='page_1' title='image "./decimimagniavso00ausogoog_0137.png"; bbox 0 0 2430 4274; ppageno 0'>
   <div class='ocr_carea' id='block_1_1' title="bbox 520 533 716 596">
    <p class='ocr_par' dir='ltr' id='par_1_1' title="bbox 520 533 716 596">
     <span class='ocr_line' id='line_1_1' title="bbox 520 533 716 596; baseline 0 -18"><span class='ocrx_word' id='word_1_1' title='bbox 520 533 716 596; x_wconf 71' lang='lat'><strong>„2-</strong></span> 
     </span>
    </p>
   </div>
   <div class='ocr_carea' id='block_1_2' title="bbox 117 690 1133 1133">
    <p class='ocr_par' dir='ltr' id='par_1_2' title="bbox 117 690 1007 866">
     <span class='ocr_line' id='line_1_2' title="bbox 117 690 1007 771; baseline 0 -14"><span class='ocrx_word' id='word_1_2' title='bbox 117 690 187 757; x_wconf 90' lang='lat' dir='ltr'><strong>Nec</strong></span> <span class='ocrx_word' id='word_1_3' title='bbox 209 692 282 756; x_wconf 87' lang='lat' dir='ltr'><strong>fora</strong></span> <span class='ocrx_word' id='word_1_4' title='bbox 305 713 370 757; x_wconf 92' lang='lat' dir='ltr'><strong>non</strong></span> <span class='ocrx_word' id='word_1_5' title='bbox 395 692 558 757; x_wconf 88' lang='lat' dir='ltr'><strong>celebrata</strong></span> <span class='ocrx_word' id='word_1_6' title='bbox 580 691 674 771; x_wconf 88' lang='lat' dir='ltr'><strong>mihi,</strong></span> <span class='ocrx_word' id='word_1_7' title='bbox 698 696 749 757; x_wconf 90' lang='lat' dir='ltr'><strong>set</strong></span> <span class='ocrx_word' id='word_1_8' title='bbox 771 713 848 756; x_wconf 85' lang='lat' dir='ltr'><strong>cura</strong></span> <span class='ocrx_word' id='word_1_9' title='bbox 871 692 1007 757; x_wconf 89' lang='lat' dir='ltr'><strong>docendi</strong></span> 
     </span>
     <span class='ocr_line' id='line_1_3' title="bbox 163 778 857 866; baseline 0 -21"><span class='ocrx_word' id='word_1_10' title='bbox 163 778 302 863; x_wconf 82' lang='lat' dir='ltr'><strong>Cultior,</strong></span> <span class='ocrx_word' id='word_1_11' title='bbox 326 784 360 845; x_wconf 91' lang='lat' dir='ltr'><strong>et</strong></span> <span class='ocrx_word' id='word_1_12' title='bbox 382 802 503 845; x_wconf 91' lang='lat' dir='ltr'><strong>nomen</strong></span> <span class='ocrx_word' id='word_1_13' title='bbox 526 781 732 866; x_wconf 84' lang='lat' dir='ltr'><strong>grammatici</strong></span> <span class='ocrx_word' id='word_1_14' title='bbox 755 782 857 845; x_wconf 90' lang='lat' dir='ltr'><strong>merui</strong></span> 
     </span>
    </p>

    <p class='ocr_par' dir='ltr' id='par_1_3' title="bbox 117 869 1133 1044">
     <span class='ocr_line' id='line_1_4' title="bbox 117 869 1103 955; baseline 0 -20"><span class='ocrx_word' id='word_1_15' title='bbox 117 869 195 935; x_wconf 90' lang='lat' dir='ltr'><strong>Non</strong></span> <span class='ocrx_word' id='word_1_16' title='bbox 218 873 287 933; x_wconf 88' lang='lat' dir='ltr'><strong>tam</strong></span> <span class='ocrx_word' id='word_1_17' title='bbox 310 869 433 955; x_wconf 81' lang='lat' dir='ltr'>grande</span> <span class='ocrx_word' id='word_1_18' title='bbox 457 869 598 954; x_wconf 87' lang='lat' dir='ltr'><strong>quidem,</strong></span> <span class='ocrx_word' id='word_1_19' title='bbox 624 891 687 954; x_wconf 88' lang='lat' dir='ltr'><strong>quo</strong></span> <span class='ocrx_word' id='word_1_20' title='bbox 711 870 816 954; x_wconf 86' lang='lat' dir='ltr'><strong>gloria</strong></span> <span class='ocrx_word' id='word_1_21' title='bbox 838 873 953 935; x_wconf 87' lang='lat' dir='ltr'><strong>nostra</strong></span> <span class='ocrx_word' id='word_1_22' title='bbox 977 869 1103 936; x_wconf 91' lang='lat' dir='ltr'><strong>subiret</strong></span> 
     </span>
     <span class='ocr_line' id='line_1_5' title="bbox 163 957 1133 1044; baseline 0.002 -22"><span class='ocrx_word' id='word_1_23' title='bbox 163 958 341 1023; x_wconf 89' lang='lat' dir='ltr'><strong>Aemilium</strong></span> <span class='ocrx_word' id='word_1_24' title='bbox 365 963 422 1023; x_wconf 89' lang='lat' dir='ltr'><strong>aut</strong></span> <span class='ocrx_word' id='word_1_25' title='bbox 446 957 601 1024; x_wconf 80' lang='lat' dir='ltr'><strong>Scaurum</strong></span> <span class='ocrx_word' id='word_1_26' title='bbox 624 958 835 1042; x_wconf 87' lang='lat' dir='ltr'><strong>Berytiumue</strong></span> <span class='ocrx_word' id='word_1_27' title='bbox 859 957 1015 1044; x_wconf 84' lang='lat' dir='ltr'><strong>Probum,</strong></span> <span class='ocrx_word' id='word_1_28' title='bbox 1099 976 1133 1025; x_wconf 88' lang='grc' dir='ltr'><strong>2ο</strong></span> 
     </span>
    </p>

    <p class='ocr_par' dir='ltr' id='par_1_4' title="bbox 119 1046 1003 1133">
     <span class='ocr_line' id='line_1_6' title="bbox 119 1046 1003 1133; baseline -0.001 -20"><span class='ocrx_word' id='word_1_29' title='bbox 119 1046 181 1113; x_wconf 83' lang='lat' dir='ltr'><strong>Sed</strong></span> <span class='ocrx_word' id='word_1_30' title='bbox 205 1069 268 1133; x_wconf 90' lang='lat' dir='ltr'><strong>quo</strong></span> <span class='ocrx_word' id='word_1_31' title='bbox 292 1050 471 1130; x_wconf 79' lang='lat' dir='ltr'><strong>nostrates,</strong></span> <span class='ocrx_word' id='word_1_32' title='bbox 494 1047 690 1131; x_wconf 90' lang='lat' dir='ltr'><strong>Aquitanica</strong></span> <span class='ocrx_word' id='word_1_33' title='bbox 713 1047 860 1130; x_wconf 90' lang='lat' dir='ltr'><strong>nomina,</strong></span> <span class='ocrx_word' id='word_1_34' title='bbox 883 1049 1003 1112; x_wconf 91' lang='lat' dir='ltr'><strong>multos</strong></span> 
     </span>
    </p>
   </div>
   <div class='ocr_carea' id='block_1_3' title="bbox 117 1134 1134 2817">
    <p class='ocr_par' dir='ltr' id='par_1_5' title="bbox 117 1134 1134 2817">
     <span class='ocr_line' id='line_1_7' title="bbox 164 1134 919 1219; baseline -0.003 -17"><span class='ocrx_word' id='word_1_35' title='bbox 164 1134 335 1215; x_wconf 78' lang='lat' dir='ltr'><strong>Conlatus,</strong></span> <span class='ocrx_word' id='word_1_36' title='bbox 359 1138 410 1200; x_wconf 90' lang='lat' dir='ltr'><strong>set</strong></span> <span class='ocrx_word' id='word_1_37' title='bbox 432 1158 499 1200; x_wconf 93' lang='lat' dir='ltr'><strong>non</strong></span> <span class='ocrx_word' id='word_1_38' title='bbox 524 1136 690 1218; x_wconf 87' lang='lat' dir='ltr'><strong>subditus,</strong></span> <span class='ocrx_word' id='word_1_39' title='bbox 713 1136 919 1219; x_wconf 84' lang='lat' dir='ltr'><strong>adspicerem.</strong></span> 
     </span>
     <span class='ocr_line' id='line_1_8' title="bbox 117 1224 938 1310; baseline -0.002 -20"><span class='ocrx_word' id='word_1_40' title='bbox 117 1225 315 1310; x_wconf 85' lang='lat' dir='ltr'><strong>Exactisque</strong></span> <span class='ocrx_word' id='word_1_41' title='bbox 340 1224 455 1294; x_wconf 86' lang='lat' dir='ltr'><strong>dehinc</strong></span> <span class='ocrx_word' id='word_1_42' title='bbox 477 1245 535 1305; x_wconf 91' lang='lat' dir='ltr'><strong>per</strong></span> <span class='ocrx_word' id='word_1_43' title='bbox 557 1226 645 1289; x_wconf 86' lang='lat' dir='ltr'><strong>trina</strong></span> <span class='ocrx_word' id='word_1_44' title='bbox 667 1225 821 1289; x_wconf 89' lang='lat' dir='ltr'><strong>decennia</strong></span> <span class='ocrx_word' id='word_1_45' title='bbox 842 1224 938 1290; x_wconf 88' lang='lat' dir='ltr'><strong>fastis</strong></span> 
     </span>
     <span class='ocr_line' id='line_1_9' title="bbox 163 1313 861 1398; baseline -0.003 -20"><span class='ocrx_word' id='word_1_46' title='bbox 163 1313 300 1378; x_wconf 89' lang='lat' dir='ltr'><strong>Deserui</strong></span> <span class='ocrx_word' id='word_1_47' title='bbox 325 1313 438 1378; x_wconf 89' lang='lat' dir='ltr'><strong>doctor</strong></span> <span class='ocrx_word' id='word_1_48' title='bbox 462 1313 691 1398; x_wconf 83' lang='lat' dir='ltr'><strong>municipalem</strong></span> <span class='ocrx_word' id='word_1_49' title='bbox 714 1334 861 1398; x_wconf 87' lang='lat' dir='ltr'><strong>operam,</strong></span> 
     </span>
     <span class='ocr_line' id='line_1_10' title="bbox 119 1401 1131 1486; baseline 0.001 -19"><span class='ocrx_word' id='word_1_50' title='bbox 119 1403 227 1467; x_wconf 89' lang='lat' dir='ltr'><strong>Aurea</strong></span> <span class='ocrx_word' id='word_1_51' title='bbox 251 1406 284 1466; x_wconf 91' lang='lat' dir='ltr'><strong>et</strong></span> <span class='ocrx_word' id='word_1_52' title='bbox 307 1401 450 1486; x_wconf 81' lang='lat' dir='ltr'><strong>Augusti</strong></span> <span class='ocrx_word' id='word_1_53' title='bbox 472 1401 596 1484; x_wconf 89' lang='lat' dir='ltr'><strong>palatia</strong></span> <span class='ocrx_word' id='word_1_54' title='bbox 618 1403 726 1466; x_wconf 89' lang='lat' dir='ltr'><strong>iussus</strong></span> <span class='ocrx_word' id='word_1_55' title='bbox 750 1402 838 1465; x_wconf 90' lang='lat' dir='ltr'><strong>adire</strong></span> <span class='ocrx_word' id='word_1_56' title='bbox 1097 1420 1131 1468; x_wconf 79' lang='lat'><strong>25</strong></span> 
     </span>
     <span class='ocr_line' id='line_1_11' title="bbox 163 1490 904 1576; baseline 0.001 -21"><span class='ocrx_word' id='word_1_57' title='bbox 163 1490 347 1575; x_wconf 81' lang='lat' dir='ltr'><strong>Augustam</strong></span> <span class='ocrx_word' id='word_1_58' title='bbox 371 1491 517 1554; x_wconf 88' lang='lat' dir='ltr'><strong>subolem</strong></span> <span class='ocrx_word' id='word_1_59' title='bbox 542 1492 774 1576; x_wconf 84' lang='lat' dir='ltr'><strong>grammaticus</strong></span> <span class='ocrx_word' id='word_1_60' title='bbox 798 1491 904 1574; x_wconf 92' lang='lat' dir='ltr'><strong>docui,</strong></span> 
     </span>
     <span class='ocr_line' id='line_1_12' title="bbox 119 1578 933 1645; baseline 0.002 -2"><span class='ocrx_word' id='word_1_61' title='bbox 119 1578 196 1645; x_wconf 83' lang='lat' dir='ltr'><strong>Mox</strong></span> <span class='ocrx_word' id='word_1_62' title='bbox 220 1580 319 1644; x_wconf 87' lang='lat' dir='ltr'><strong>etiarn</strong></span> <span class='ocrx_word' id='word_1_63' title='bbox 342 1578 461 1643; x_wconf 87' lang='lat' dir='ltr'><strong>rhetor.</strong></span> <span class='ocrx_word' id='word_1_64' title='bbox 507 1601 566 1643; x_wconf 94' lang='lat' dir='ltr'><strong>nec</strong></span> <span class='ocrx_word' id='word_1_65' title='bbox 590 1578 675 1643; x_wconf 93' lang='lat' dir='ltr'><strong>enim</strong></span> <span class='ocrx_word' id='word_1_66' title='bbox 698 1578 815 1643; x_wconf 88' lang='lat' dir='ltr'><strong>fiducia</strong></span> <span class='ocrx_word' id='word_1_67' title='bbox 838 1581 933 1645; x_wconf 88' lang='lat' dir='ltr'><strong>nobis</strong></span> 
     </span>
     <span class='ocr_line' id='line_1_13' title="bbox 163 1666 814 1752; baseline -0.002 -20"><span class='ocrx_word' id='word_1_68' title='bbox 163 1666 258 1732; x_wconf 86' lang='lat' dir='ltr'><strong>Vana</strong></span> <span class='ocrx_word' id='word_1_69' title='bbox 282 1672 426 1733; x_wconf 91' lang='lat' dir='ltr'><strong>autnon</strong></span> <span class='ocrx_word' id='word_1_70' title='bbox 450 1668 545 1732; x_wconf 88' lang='lat' dir='ltr'><strong>solidi</strong></span> <span class='ocrx_word' id='word_1_71' title='bbox 568 1667 674 1752; x_wconf 84' lang='lat' dir='ltr'><strong>gloria</strong></span> <span class='ocrx_word' id='word_1_72' title='bbox 696 1666 814 1732; x_wconf 90' lang='lat' dir='ltr'><strong>iudicii.</strong></span> 
     </span>
     <span class='ocr_line' id='line_1_14' title="bbox 120 1755 932 1842; baseline -0.002 -19"><span class='ocrx_word' id='word_1_73' title='bbox 120 1755 207 1823; x_wconf 76' lang='lat' dir='ltr'><strong>(ledo</strong></span> <span class='ocrx_word' id='word_1_74' title='bbox 230 1762 340 1822; x_wconf 90' lang='lat' dir='ltr'><strong>tamen</strong></span> <span class='ocrx_word' id='word_1_75' title='bbox 362 1755 484 1821; x_wconf 83' lang='lat' dir='ltr'><strong>fuerint</strong></span> <span class='ocrx_word' id='word_1_76' title='bbox 506 1756 596 1821; x_wconf 87' lang='lat' dir='ltr'><strong>fama</strong></span> <span class='ocrx_word' id='word_1_77' title='bbox 617 1756 744 1841; x_wconf 90' lang='lat' dir='ltr'><strong>potiore</strong></span> <span class='ocrx_word' id='word_1_78' title='bbox 767 1757 932 1842; x_wconf 82' lang='lat' dir='ltr'><strong>magistri,</strong></span> 
     </span>
     <span class='ocr_line' id='line_1_15' title="bbox 163 1845 1132 1929; baseline 0 -19"><span class='ocrx_word' id='word_1_79' title='bbox 163 1845 250 1910; x_wconf 91' lang='lat' dir='ltr'><strong>Dum</strong></span> <span class='ocrx_word' id='word_1_80' title='bbox 274 1847 354 1910; x_wconf 94' lang='lat' dir='ltr'><strong>nulli</strong></span> <span class='ocrx_word' id='word_1_81' title='bbox 377 1846 477 1911; x_wconf 87' lang='lat' dir='ltr'><strong>fuerit</strong></span> <span class='ocrx_word' id='word_1_82' title='bbox 500 1845 676 1929; x_wconf 91' lang='lat' dir='ltr'><strong>discipulus</strong></span> <span class='ocrx_word' id='word_1_83' title='bbox 699 1846 821 1909; x_wconf 84' lang='lat' dir='ltr'><strong>melior.</strong></span> <span class='ocrx_word' id='word_1_84' title='bbox 1098 1862 1132 1910; x_wconf 85' lang='lat'><strong>30</strong></span> 
     </span>
     <span class='ocr_line' id='line_1_16' title="bbox 119 1930 846 2017; baseline -0.001 -18"><span class='ocrx_word' id='word_1_85' title='bbox 119 1934 249 1999; x_wconf 85' lang='lat' dir='ltr'><strong>Alcides</strong></span> <span class='ocrx_word' id='word_1_86' title='bbox 273 1934 417 1999; x_wconf 89' lang='lat' dir='ltr'><strong>Atlantis</strong></span> <span class='ocrx_word' id='word_1_87' title='bbox 442 1938 474 1999; x_wconf 89' lang='lat' dir='ltr'><strong>et</strong></span> <span class='ocrx_word' id='word_1_88' title='bbox 497 1933 654 1999; x_wconf 86' lang='lat' dir='ltr'><strong>Aeacides</strong></span> <span class='ocrx_word' id='word_1_89' title='bbox 680 1930 846 2017; x_wconf 83' lang='lat' dir='ltr'><strong>Chironis,</strong></span> 
     </span>
     <span class='ocr_line' id='line_1_17' title="bbox 164 2021 901 2106; baseline 0.003 -21"><span class='ocrx_word' id='word_1_90' title='bbox 164 2021 270 2087; x_wconf 86' lang='lat' dir='ltr'><strong>Paene</strong></span> <span class='ocrx_word' id='word_1_91' title='bbox 292 2023 370 2087; x_wconf 89' lang='lat' dir='ltr'><strong>Iove</strong></span> <span class='ocrx_word' id='word_1_92' title='bbox 394 2024 455 2086; x_wconf 89' lang='lat' dir='ltr'><strong>iste</strong></span> <span class='ocrx_word' id='word_1_93' title='bbox 480 2028 585 2106; x_wconf 88' lang='lat' dir='ltr'><strong>satus,</strong></span> <span class='ocrx_word' id='word_1_94' title='bbox 608 2022 696 2087; x_wconf 90' lang='lat' dir='ltr'><strong>filius</strong></span> <span class='ocrx_word' id='word_1_95' title='bbox 718 2022 775 2086; x_wconf 94' lang='lat' dir='ltr'><strong>ille</strong></span> <span class='ocrx_word' id='word_1_96' title='bbox 798 2021 901 2105; x_wconf 87' lang='lat' dir='ltr'><strong>louis,</strong></span> 
     </span>
     <span class='ocr_line' id='line_1_18' title="bbox 120 2110 975 2195; baseline 0.001 -21"><span class='ocrx_word' id='word_1_97' title='bbox 120 2110 324 2175; x_wconf 84' lang='lat' dir='ltr'><strong>Thessaliam</strong></span> <span class='ocrx_word' id='word_1_98' title='bbox 347 2110 539 2195; x_wconf 87' lang='lat' dir='ltr'><strong>Thebasque</strong></span> <span class='ocrx_word' id='word_1_99' title='bbox 563 2132 640 2175; x_wconf 87' lang='lat' dir='ltr'><strong>suos</strong></span> <span class='ocrx_word' id='word_1_100' title='bbox 663 2111 804 2175; x_wconf 90' lang='lat' dir='ltr'><strong>habuere</strong></span> <span class='ocrx_word' id='word_1_101' title='bbox 828 2116 975 2195; x_wconf 87' lang='lat' dir='ltr'><strong>penates:</strong></span> 
     </span>
     <span class='ocr_line' id='line_1_19' title="bbox 165 2199 885 2284; baseline 0.003 -21"><span class='ocrx_word' id='word_1_102' title='bbox 165 2200 211 2263; x_wconf 89' lang='lat' dir='ltr'><strong>At</strong></span> <span class='ocrx_word' id='word_1_103' title='bbox 235 2220 324 2263; x_wconf 90' lang='lat' dir='ltr'><strong>meus</strong></span> <span class='ocrx_word' id='word_1_104' title='bbox 347 2199 400 2263; x_wconf 95' lang='lat' dir='ltr'><strong>hic</strong></span> <span class='ocrx_word' id='word_1_105' title='bbox 422 2202 495 2263; x_wconf 89' lang='lat' dir='ltr'><strong>toto</strong></span> <span class='ocrx_word' id='word_1_106' title='bbox 518 2204 635 2284; x_wconf 78' lang='lat' dir='ltr'><strong>regnat</strong></span> <span class='ocrx_word' id='word_1_107' title='bbox 657 2200 691 2263; x_wconf 92' lang='lat' dir='ltr'><strong>in</strong></span> <span class='ocrx_word' id='word_1_108' title='bbox 715 2200 792 2264; x_wconf 92' lang='lat' dir='ltr'><strong>orbe</strong></span> <span class='ocrx_word' id='word_1_109' title='bbox 816 2222 885 2265; x_wconf 86' lang='lat' dir='ltr'><strong>suo.</strong></span> 
     </span>
     <span class='ocr_line' id='line_1_20' title="bbox 120 2286 1133 2373; baseline -0.001 -20"><span class='ocrx_word' id='word_1_110' title='bbox 120 2286 220 2353; x_wconf 84' lang='lat' dir='ltr'><strong>Cuius</strong></span> <span class='ocrx_word' id='word_1_111' title='bbox 244 2309 305 2373; x_wconf 84' lang='lat' dir='ltr'><strong>ego</strong></span> <span class='ocrx_word' id='word_1_112' title='bbox 329 2309 436 2354; x_wconf 88' lang='lat' dir='ltr'><strong>comes</strong></span> <span class='ocrx_word' id='word_1_113' title='bbox 461 2291 494 2352; x_wconf 93' lang='lat' dir='ltr'><strong>et</strong></span> <span class='ocrx_word' id='word_1_114' title='bbox 512 2292 664 2372; x_wconf 88' lang='lat' dir='ltr'><strong>quaestor</strong></span> <span class='ocrx_word' id='word_1_115' title='bbox 682 2292 728 2367; x_wconf 89' lang='lat' dir='ltr'><strong>et,</strong></span> <span class='ocrx_word' id='word_1_116' title='bbox 752 2289 880 2354; x_wconf 90' lang='lat' dir='ltr'><strong>culmen</strong></span> <span class='ocrx_word' id='word_1_117' title='bbox 902 2289 1078 2368; x_wconf 87' lang='lat' dir='ltr'><strong>honorum,</strong></span> <span class='ocrx_word' id='word_1_118' title='bbox 1099 2305 1133 2353; x_wconf 82' lang='lat' dir='ltr'><strong>as</strong></span> 
     </span>
     <span class='ocr_line' id='line_1_21' title="bbox 164 2375 852 2461; baseline 0.001 -19"><span class='ocrx_word' id='word_1_119' title='bbox 164 2376 350 2442; x_wconf 86' lang='lat' dir='ltr'><strong>Praefectus</strong></span> <span class='ocrx_word' id='word_1_120' title='bbox 375 2375 477 2442; x_wconf 87' lang='lat' dir='ltr'><strong>Gallis</strong></span> <span class='ocrx_word' id='word_1_121' title='bbox 501 2381 535 2442; x_wconf 93' lang='lat' dir='ltr'><strong>et</strong></span> <span class='ocrx_word' id='word_1_122' title='bbox 557 2377 679 2461; x_wconf 78' lang='lat' dir='ltr'><strong>Libyae</strong></span> <span class='ocrx_word' id='word_1_123' title='bbox 703 2383 736 2443; x_wconf 89' lang='lat' dir='ltr'><strong>et</strong></span> <span class='ocrx_word' id='word_1_124' title='bbox 758 2377 852 2443; x_wconf 91' lang='lat' dir='ltr'><strong>Latio</strong></span> 
     </span>
     <span class='ocr_line' id='line_1_22' title="bbox 119 2464 986 2551; baseline 0 -21"><span class='ocrx_word' id='word_1_125' title='bbox 119 2464 178 2549; x_wconf 83' lang='lat' dir='ltr'><strong>Et,</strong></span> <span class='ocrx_word' id='word_1_126' title='bbox 200 2466 291 2551; x_wconf 90' lang='lat' dir='ltr'><strong>prior</strong></span> <span class='ocrx_word' id='word_1_127' title='bbox 313 2466 463 2550; x_wconf 90' lang='lat' dir='ltr'><strong>indeptus</strong></span> <span class='ocrx_word' id='word_1_128' title='bbox 486 2465 589 2531; x_wconf 87' lang='lat' dir='ltr'><strong>fasces</strong></span> <span class='ocrx_word' id='word_1_129' title='bbox 613 2466 805 2550; x_wconf 88' lang='lat' dir='ltr'><strong>Latiamque</strong></span> <span class='ocrx_word' id='word_1_130' title='bbox 829 2467 986 2549; x_wconf 90' lang='lat' dir='ltr'><strong>curulem,</strong></span> 
     </span>
     <span class='ocr_line' id='line_1_23' title="bbox 166 2552 745 2640; baseline -0.002 -20"><span class='ocrx_word' id='word_1_131' title='bbox 166 2552 303 2639; x_wconf 79' lang='lat' dir='ltr'><strong>Consul,</strong></span> <span class='ocrx_word' id='word_1_132' title='bbox 326 2555 452 2640; x_wconf 84' lang='lat' dir='ltr'><strong>collega</strong></span> <span class='ocrx_word' id='word_1_133' title='bbox 476 2556 666 2639; x_wconf 90' lang='lat' dir='ltr'><strong>posteriore,</strong></span> <span class='ocrx_word' id='word_1_134' title='bbox 689 2554 745 2619; x_wconf 88' lang='lat' dir='ltr'><strong>fui.</strong></span> 
     </span>
     <span class='ocr_line' id='line_1_24' title="bbox 120 2643 1058 2729; baseline 0.001 -21"><span class='ocrx_word' id='word_1_135' title='bbox 120 2644 183 2708; x_wconf 92' lang='lat' dir='ltr'><strong>Hic</strong></span> <span class='ocrx_word' id='word_1_136' title='bbox 207 2664 285 2728; x_wconf 84' lang='lat' dir='ltr'><strong>ergo</strong></span> <span class='ocrx_word' id='word_1_137' title='bbox 309 2644 488 2711; x_wconf 90' lang='lat' dir='ltr'><strong>Ausonius:</strong></span> <span class='ocrx_word' id='word_1_138' title='bbox 513 2645 568 2709; x_wconf 90' lang='lat' dir='ltr'><strong>sed</strong></span> <span class='ocrx_word' id='word_1_139' title='bbox 591 2648 628 2708; x_wconf 93' lang='lat' dir='ltr'><strong>tu</strong></span> <span class='ocrx_word' id='word_1_140' title='bbox 651 2666 691 2708; x_wconf 92' lang='lat' dir='ltr'><strong>ne</strong></span> <span class='ocrx_word' id='word_1_141' title='bbox 714 2648 837 2727; x_wconf 84' lang='lat' dir='ltr'><strong>temne,</strong></span> <span class='ocrx_word' id='word_1_142' title='bbox 861 2643 947 2729; x_wconf 90' lang='lat' dir='ltr'><strong>quod</strong></span> <span class='ocrx_word' id='word_1_143' title='bbox 971 2643 1058 2709; x_wconf 90' lang='lat' dir='ltr'><strong>ultro</strong></span> 
     </span>
     <span class='ocr_line' id='line_1_25' title="bbox 165 2732 1134 2817; baseline -0.002 -20"><span class='ocrx_word' id='word_1_144' title='bbox 165 2733 345 2797; x_wconf 89' lang='lat' dir='ltr'><strong>Patronum</strong></span> <span class='ocrx_word' id='word_1_145' title='bbox 368 2733 489 2797; x_wconf 87' lang='lat' dir='ltr'><strong>nostris</strong></span> <span class='ocrx_word' id='word_1_146' title='bbox 511 2739 544 2797; x_wconf 88' lang='lat' dir='ltr'><strong>te</strong></span> <span class='ocrx_word' id='word_1_147' title='bbox 567 2754 647 2817; x_wconf 88' lang='lat' dir='ltr'><strong>paro</strong></span> <span class='ocrx_word' id='word_1_148' title='bbox 671 2732 878 2797; x_wconf 90' lang='lat' dir='ltr'><strong>carminibus.</strong></span> <span class='ocrx_word' id='word_1_149' title='bbox 1099 2748 1134 2796; x_wconf 78' lang='lat'><strong>40</strong></span> 
     </span>
    </p>
   </div>
   <div class='ocr_carea' id='block_1_4' title="bbox 190 2858 334 2865">
    <p class='ocr_par' dir='ltr' id='par_1_6' title="bbox 190 2858 334 2865">
     <span class='ocr_line' id='line_1_26' title="bbox 190 2858 334 2865; baseline -0.007 0"><span class='ocrx_word' id='word_1_150' title='bbox 190 2858 334 2865; x_wconf 79' lang='lat'><strong>..—</strong></span> 
     </span>
    </p>
   </div>
   <div class='ocr_carea' id='block_1_5' title="bbox 119 2903 1137 3334">
    <p class='ocr_par' dir='ltr' id='par_1_7' title="bbox 119 2903 1137 3334">
     <span class='ocr_line' id='line_1_27' title="bbox 194 2903 1135 2978; baseline 0 -20"><span class='ocrx_word' id='word_1_151' title='bbox 194 2911 226 2960; x_wconf 77' lang='grc'><strong>12</strong></span> <span class='ocrx_word' id='word_1_152' title='bbox 251 2903 317 2959; x_wconf 89' lang='lat' dir='ltr'><strong>mici</strong></span> <span class='ocrx_word' id='word_1_153' title='bbox 340 2904 366 2957; x_wconf 89' lang='lat' dir='ltr'><strong><em>V</em></strong></span> <span class='ocrx_word' id='word_1_154' title='bbox 436 2910 468 2959; x_wconf 79' lang='lat'><strong>18</strong></span> <span class='ocrx_word' id='word_1_155' title='bbox 493 2908 606 2978; x_wconf 89' lang='lat' dir='ltr'><strong>nomen]</strong></span> <span class='ocrx_word' id='word_1_156' title='bbox 632 2924 648 2963; x_wconf 96' lang='lat' dir='ltr'><strong>o</strong></span> <span class='ocrx_word' id='word_1_157' title='bbox 671 2907 853 2973; x_wconf 71' lang='lat' dir='ltr'><strong>deformatum</strong></span> <span class='ocrx_word' id='word_1_158' title='bbox 875 2907 977 2961; x_wconf 79' lang='lat' dir='ltr'><strong>lineola</strong></span> <span class='ocrx_word' id='word_1_159' title='bbox 1000 2904 1135 2960; x_wconf 75' lang='lat' dir='ltr'><strong>litteraei</strong></span> 
     </span>
     <span class='ocr_line' id='line_1_28' title="bbox 119 2976 1135 3047; baseline 0 -17"><span class='ocrx_word' id='word_1_160' title='bbox 119 2977 219 3044; x_wconf 79' lang='lat' dir='ltr'><strong>simili,</strong></span> <span class='ocrx_word' id='word_1_161' title='bbox 237 2993 319 3045; x_wconf 81' lang='lat' dir='ltr'><strong>quam</strong></span> <span class='ocrx_word' id='word_1_162' title='bbox 338 2976 374 3030; x_wconf 83' lang='lat' dir='ltr'><strong>al.</strong></span> <span class='ocrx_word' id='word_1_163' title='bbox 393 2993 427 3031; x_wconf 86' lang='lat' dir='ltr'><strong>m.</strong></span> <span class='ocrx_word' id='word_1_164' title='bbox 447 2994 466 3030; x_wconf 86' lang='lat' dir='ltr'><strong>a</strong></span> <span class='ocrx_word' id='word_1_165' title='bbox 483 2978 582 3032; x_wconf 73' lang='lat' dir='ltr'><strong>dextra</strong></span> <span class='ocrx_word' id='word_1_166' title='bbox 600 2979 711 3033; x_wconf 80' lang='lat' dir='ltr'><strong>addidit</strong></span> <span class='ocrx_word' id='word_1_167' title='bbox 734 2978 761 3032; x_wconf 89' lang='lat' dir='ltr'><strong><em>V</em></strong></span> <span class='ocrx_word' id='word_1_168' title='bbox 817 2983 854 3032; x_wconf 86' lang='grc'><strong>20</strong></span> <span class='ocrx_word' id='word_1_169' title='bbox 872 2976 1053 3047; x_wconf 87' lang='lat' dir='ltr'><strong>Berytinmue</strong></span> <span class='ocrx_word' id='word_1_170' title='bbox 1073 2977 1135 3030; x_wconf 81' lang='lat' dir='ltr'><strong>Toil</strong></span> 
     </span>
     <span class='ocr_line' id='line_1_29' title="bbox 120 3046 1132 3117; baseline -0.001 -15"><span class='ocrx_word' id='word_1_171' title='bbox 120 3046 236 3116; x_wconf 82' lang='lat' dir='ltr'><strong>beritiq⁸</strong></span> <span class='ocrx_word' id='word_1_172' title='bbox 255 3047 282 3102; x_wconf 92' lang='lat' dir='ltr'><strong><em>V</em></strong></span> <span class='ocrx_word' id='word_1_173' title='bbox 333 3052 366 3101; x_wconf 90' lang='grc'><strong>21</strong></span> <span class='ocrx_word' id='word_1_174' title='bbox 387 3047 553 3117; x_wconf 79' lang='lat' dir='ltr'><strong>aquitanaq¹</strong></span> <span class='ocrx_word' id='word_1_175' title='bbox 571 3048 598 3102; x_wconf 90' lang='lat' dir='ltr'><strong><em>V</em></strong></span> <span class='ocrx_word' id='word_1_176' title='bbox 613 3066 683 3105; x_wconf 86' lang='lat' dir='ltr'><strong>corr.</strong></span> <span class='ocrx_word' id='word_1_177' title='bbox 703 3050 742 3103; x_wconf 82' lang='lat' dir='ltr'><strong>ed.</strong></span> <span class='ocrx_word' id='word_1_178' title='bbox 762 3053 842 3104; x_wconf 78' lang='lat' dir='ltr'><strong>actas</strong></span> <span class='ocrx_word' id='word_1_179' title='bbox 859 3050 964 3103; x_wconf 77' lang='lat' dir='ltr'><strong>incerta</strong></span> <span class='ocrx_word' id='word_1_180' title='bbox 982 3049 1029 3116; x_wconf 73' lang='lat' dir='ltr'><strong>(cs.</strong></span> <span class='ocrx_word' id='word_1_181' title='bbox 1040 3046 1132 3117; x_wconf 70' lang='lat' dir='ltr'><strong>Tolb!</strong></span> 
     </span>
     <span class='ocr_line' id='line_1_30' title="bbox 119 3116 1134 3188; baseline 0 -15"><span class='ocrx_word' id='word_1_182' title='bbox 119 3116 218 3173; x_wconf 84' lang='lat' dir='ltr'><strong>multis</strong></span> <span class='ocrx_word' id='word_1_183' title='bbox 227 3119 311 3174; x_wconf 80' lang='lat' dir='ltr'><strong>Setis.</strong></span> <span class='ocrx_word' id='word_1_184' title='bbox 367 3124 402 3172; x_wconf 93' lang='grc'><strong>22</strong></span> <span class='ocrx_word' id='word_1_185' title='bbox 417 3120 460 3173; x_wconf 87' lang='lat' dir='ltr'><strong>set</strong></span> <span class='ocrx_word' id='word_1_186' title='bbox 473 3136 529 3173; x_wconf 91' lang='lat' dir='ltr'><strong>non</strong></span> <span class='ocrx_word' id='word_1_187' title='bbox 542 3119 656 3175; x_wconf 78' lang='lat' dir='ltr'><strong>Vinctus</strong></span> <span class='ocrx_word' id='word_1_188' title='bbox 670 3120 700 3175; x_wconf 89' lang='lat' dir='ltr'><strong>et</strong></span> <span class='ocrx_word' id='word_1_189' title='bbox 713 3138 769 3175; x_wconf 91' lang='lat' dir='ltr'><strong>non</strong></span> <span class='ocrx_word' id='word_1_190' title='bbox 784 3122 813 3188; x_wconf 94' lang='lat'><strong>(†</strong></span> <span class='ocrx_word' id='word_1_191' title='bbox 822 3136 875 3174; x_wconf 84' lang='lat' dir='ltr'><strong>rec.</strong></span> <span class='ocrx_word' id='word_1_192' title='bbox 889 3120 1004 3175; x_wconf 80' lang='lat' dir='ltr'><strong>uoculae</strong></span> <span class='ocrx_word' id='word_1_193' title='bbox 1017 3135 1072 3174; x_wconf 90' lang='lat' dir='ltr'><strong>non</strong></span> <span class='ocrx_word' id='word_1_194' title='bbox 1087 3119 1134 3186; x_wconf 83' lang='lat' dir='ltr'><strong>sc.)</strong></span> 
     </span>
     <span class='ocr_line' id='line_1_31' title="bbox 127 3188 1137 3263; baseline 0 -20"><span class='ocrx_word' id='word_1_195' title='bbox 127 3189 154 3243; x_wconf 93' lang='lat' dir='ltr'><strong><em>V</em></strong></span> <span class='ocrx_word' id='word_1_196' title='bbox 170 3206 225 3245; x_wconf 91' lang='lat' dir='ltr'><strong>non</strong></span> <span class='ocrx_word' id='word_1_197' title='bbox 240 3191 269 3244; x_wconf 87' lang='lat' dir='ltr'><strong>et</strong></span> <span class='ocrx_word' id='word_1_198' title='bbox 282 3190 406 3260; x_wconf 75' lang='lat' dir='ltr'><strong>Scaliper</strong></span> <span class='ocrx_word' id='word_1_199' title='bbox 421 3193 426 3260; x_wconf 89' lang='grc' dir='ltr'>Ι</span> <span class='ocrx_word' id='word_1_200' title='bbox 446 3189 600 3259; x_wconf 84' lang='lat' dir='ltr'><strong>aspicerem</strong></span> <span class='ocrx_word' id='word_1_201' title='bbox 619 3191 642 3245; x_wconf 90' lang='lat' dir='ltr'><strong><em>V</em></strong></span> <span class='ocrx_word' id='word_1_202' title='bbox 696 3197 731 3245; x_wconf 81' lang='grc'><strong>24</strong></span> <span class='ocrx_word' id='word_1_203' title='bbox 746 3189 881 3263; x_wconf 66' lang='lat' dir='ltr'><strong>lfadserui</strong></span> <span class='ocrx_word' id='word_1_204' title='bbox 894 3191 1002 3245; x_wconf 78' lang='lat' dir='ltr'><strong>initiali</strong></span> <span class='ocrx_word' id='word_1_205' title='bbox 1014 3206 1095 3245; x_wconf 60' lang='lat' dir='ltr'><strong>acca</strong></span> <span class='ocrx_word' id='word_1_206' title='bbox 1111 3188 1137 3242; x_wconf 90' lang='lat' dir='ltr'><strong><em>V</em></strong></span> 
     </span>
     <span class='ocr_line' id='line_1_32' title="bbox 122 3260 1065 3334; baseline -0.001 -20"><span class='ocrx_word' id='word_1_207' title='bbox 122 3260 233 3315; x_wconf 84' lang='lat' dir='ltr'><strong>deserui</strong></span> <span class='ocrx_word' id='word_1_208' title='bbox 250 3260 379 3317; x_wconf 74' lang='lat' dir='ltr'><strong>Brandea</strong></span> <span class='ocrx_word' id='word_1_209' title='bbox 450 3268 484 3316; x_wconf 84' lang='grc'><strong>26</strong></span> <span class='ocrx_word' id='word_1_210' title='bbox 509 3262 710 3334; x_wconf 55' lang='lat' dir='ltr'><strong>Augusslllstam</strong></span> <span class='ocrx_word' id='word_1_211' title='bbox 736 3266 826 3332; x_wconf 78' lang='grc'><strong>(3-4</strong></span> <span class='ocrx_word' id='word_1_212' title='bbox 845 3264 897 3316; x_wconf 76' lang='lat' dir='ltr'><strong>litt.</strong></span> <span class='ocrx_word' id='word_1_213' title='bbox 917 3263 1014 3331; x_wconf 78' lang='lat' dir='ltr'><strong>erasis)</strong></span> <span class='ocrx_word' id='word_1_214' title='bbox 1039 3260 1065 3313; x_wconf 89' lang='lat' dir='ltr'><strong><em>V</em></strong></span> 
     </span>
    </p>
   </div>
   <div class='ocr_carea' id='block_1_6' title="bbox 119 3344 1136 3725">
    <p class='ocr_par' dir='ltr' id='par_1_8' title="bbox 119 3344 1136 3725">
     <span class='ocr_line' id='line_1_33' title="bbox 1048 3344 1074 3373; baseline 0 0"><span class='ocrx_word' id='word_1_215' title='bbox 1048 3344 1074 3373; x_wconf 74' lang='grc'><strong>00</strong></span> 
     </span>
     <span class='ocr_line' id='line_1_34' title="bbox 120 3384 1136 3457; baseline -0.001 -18"><span class='ocrx_word' id='word_1_216' title='bbox 120 3390 154 3439; x_wconf 79' lang='grc'><strong>27</strong></span> <span class='ocrx_word' id='word_1_217' title='bbox 173 3386 250 3439; x_wconf 86' lang='lat' dir='ltr'><strong>rotor</strong></span> <span class='ocrx_word' id='word_1_218' title='bbox 273 3384 300 3439; x_wconf 93' lang='lat' dir='ltr'><strong><em>V</em></strong></span> <span class='ocrx_word' id='word_1_219' title='bbox 371 3391 405 3441; x_wconf 87' lang='grc'><strong>28</strong></span> <span class='ocrx_word' id='word_1_220' title='bbox 423 3385 517 3457; x_wconf 86' lang='lat' dir='ltr'><strong>Vana]</strong></span> <span class='ocrx_word' id='word_1_221' title='bbox 537 3386 600 3441; x_wconf 91' lang='lat' dir='ltr'><strong>Vna</strong></span> <span class='ocrx_word' id='word_1_222' title='bbox 624 3386 650 3440; x_wconf 90' lang='lat' dir='ltr'><strong><em>V</em></strong></span> <span class='ocrx_word' id='word_1_223' title='bbox 666 3402 734 3441; x_wconf 74' lang='lat' dir='ltr'><strong>corr.</strong></span> <span class='ocrx_word' id='word_1_224' title='bbox 754 3386 885 3456; x_wconf 75' lang='lat' dir='ltr'><strong>Lupdun.</strong></span> <span class='ocrx_word' id='word_1_225' title='bbox 958 3391 991 3439; x_wconf 85' lang='grc'><strong>31</strong></span> <span class='ocrx_word' id='word_1_226' title='bbox 1012 3384 1136 3439; x_wconf 86' lang='lat' dir='ltr'><strong>chironis</strong></span> 
     </span>
     <span class='ocr_line' id='line_1_35' title="bbox 122 3456 1102 3527; baseline 0 -17"><span class='ocrx_word' id='word_1_227' title='bbox 122 3457 165 3523; x_wconf 91' lang='lat' dir='ltr'><strong>(ce</strong></span> <span class='ocrx_word' id='word_1_228' title='bbox 186 3457 221 3512; x_wconf 83' lang='lat' dir='ltr'><strong>al.</strong></span> <span class='ocrx_word' id='word_1_229' title='bbox 240 3458 287 3526; x_wconf 85' lang='lat' dir='ltr'><strong>as.)</strong></span> <span class='ocrx_word' id='word_1_230' title='bbox 312 3456 339 3510; x_wconf 93' lang='lat' dir='ltr'><strong><em>V</em></strong></span> <span class='ocrx_word' id='word_1_231' title='bbox 408 3462 442 3510; x_wconf 80' lang='grc'><strong>32</strong></span> <span class='ocrx_word' id='word_1_232' title='bbox 462 3456 597 3527; x_wconf 86' lang='lat' dir='ltr'><strong>peneiobe</strong></span> <span class='ocrx_word' id='word_1_233' title='bbox 620 3457 664 3527; x_wconf 75' lang='lat' dir='ltr'><strong>Vl</strong></span> <span class='ocrx_word' id='word_1_234' title='bbox 680 3458 752 3511; x_wconf 79' lang='lat' dir='ltr'><strong>satis</strong></span> <span class='ocrx_word' id='word_1_235' title='bbox 771 3457 792 3524; x_wconf 81' lang='lat' dir='ltr'><strong>(i</strong></span> <span class='ocrx_word' id='word_1_236' title='bbox 810 3473 893 3525; x_wconf 64' lang='lat' dir='ltr'><strong>croc„</strong></span> <span class='ocrx_word' id='word_1_237' title='bbox 913 3473 931 3510; x_wconf 93' lang='lat' dir='ltr'><strong>a</strong></span> <span class='ocrx_word' id='word_1_238' title='bbox 949 3458 985 3511; x_wconf 85' lang='lat' dir='ltr'><strong>al.</strong></span> <span class='ocrx_word' id='word_1_239' title='bbox 1004 3458 1050 3524; x_wconf 85' lang='lat' dir='ltr'><strong>ss.)</strong></span> <span class='ocrx_word' id='word_1_240' title='bbox 1075 3456 1102 3509; x_wconf 89' lang='lat' dir='ltr'><strong><em>V</em></strong></span> 
     </span>
     <span class='ocr_line' id='line_1_36' title="bbox 121 3523 1135 3599; baseline 0.001 -18"><span class='ocrx_word' id='word_1_241' title='bbox 121 3533 155 3581; x_wconf 80' lang='grc'><strong>33</strong></span> <span class='ocrx_word' id='word_1_242' title='bbox 175 3526 341 3598; x_wconf 78' lang='lat' dir='ltr'><strong>thebassque</strong></span> <span class='ocrx_word' id='word_1_243' title='bbox 365 3527 410 3596; x_wconf 76' lang='lat' dir='ltr'><strong>Vl</strong></span> <span class='ocrx_word' id='word_1_244' title='bbox 426 3529 528 3582; x_wconf 86' lang='lat' dir='ltr'><strong>abuero</strong></span> <span class='ocrx_word' id='word_1_245' title='bbox 553 3528 579 3582; x_wconf 92' lang='lat' dir='ltr'><strong><em>V</em></strong></span> <span class='ocrx_word' id='word_1_246' title='bbox 637 3535 671 3583; x_wconf 74' lang='lat' dir='ltr'><strong>ab</strong></span> <span class='ocrx_word' id='word_1_247' title='bbox 690 3545 743 3599; x_wconf 83' lang='lat' dir='ltr'><strong>ego</strong></span> <span class='ocrx_word' id='word_1_248' title='bbox 762 3530 793 3582; x_wconf 90' lang='lat' dir='ltr'><strong>et</strong></span> <span class='ocrx_word' id='word_1_249' title='bbox 809 3523 943 3583; x_wconf 79' lang='lat' dir='ltr'><strong>Heinsius</strong></span> <span class='ocrx_word' id='word_1_250' title='bbox 1001 3533 1036 3582; x_wconf 83' lang='grc'><strong>36</strong></span> <span class='ocrx_word' id='word_1_251' title='bbox 1074 3544 1135 3582; x_wconf 88' lang='lat' dir='ltr'><strong>rae·</strong></span> 
     </span>
     <span class='ocr_line' id='line_1_37' title="bbox 119 3596 1135 3724; baseline 0.004 -74"><span class='ocrx_word' id='word_1_252' title='bbox 119 3596 334 3724; x_wconf 51' lang='lat' dir='ltr'><strong>fmflvsss’fr·</strong></span> <span class='ocrx_word' id='word_1_253' title='bbox 353 3598 483 3668; x_wconf 72' lang='lat' dir='ltr'><strong>lapdon.</strong></span> <span class='ocrx_word' id='word_1_254' title='bbox 501 3598 615 3669; x_wconf 73' lang='lat' dir='ltr'><strong>{lybiae</strong></span> <span class='ocrx_word' id='word_1_255' title='bbox 640 3599 667 3654; x_wconf 91' lang='lat' dir='ltr'><strong><em>V</em></strong></span> <span class='ocrx_word' id='word_1_256' title='bbox 721 3604 755 3654; x_wconf 81' lang='grc'><strong>39</strong></span> <span class='ocrx_word' id='word_1_257' title='bbox 774 3616 841 3670; x_wconf 81' lang='lat' dir='ltr'><strong>ergo</strong></span> <span class='ocrx_word' id='word_1_258' title='bbox 859 3598 944 3655; x_wconf 78' lang='lat' dir='ltr'><strong>Setis.</strong></span> <span class='ocrx_word' id='word_1_259' title='bbox 964 3615 1017 3669; x_wconf 81' lang='lat' dir='ltr'><strong>ego</strong></span> <span class='ocrx_word' id='word_1_260' title='bbox 1081 3615 1135 3669; x_wconf 78' lang='lat' dir='ltr'><strong>ego</strong></span> 
     </span>
     <span class='ocr_line' id='line_1_38' title="bbox 119 3684 335 3725; baseline -0.005 0"><span class='ocrx_word' id='word_1_261' title='bbox 119 3685 181 3725; x_wconf 85' lang='lat' dir='ltr'><strong>sum</strong></span> <span class='ocrx_word' id='word_1_262' title='bbox 231 3684 335 3725; x_wconf 71' lang='lat' dir='ltr'><strong>croscus</strong></span> 
     </span>
    </p>
   </div>
   <div class='ocr_carea' id='block_1_7' title="bbox 0 0 1224 4274">
    <p class='ocr_par' dir='ltr' id='par_1_9' title="bbox 0 0 1224 4274">
     <span class='ocr_line' id='line_1_39' title="bbox 0 0 1224 4274; baseline 0 0"><span class='ocrx_word' id='word_1_263' title='bbox 0 0 1224 4274; x_wconf 95' lang='lat' dir='ltr'><strong> </strong></span> 
     </span>
    </p>
   </div>
  </div>
 </body>
</html>
