2430 4274
485 541 727 606 -413-

96 702 288 786 Prolapsus,
310 698 411 784 Lyra,
435 700 532 782 Auis,
556 697 705 783 Cepheus
729 704 763 765 et
786 696 987 785 Cassiopeia,

96 791 223 874 Auriga
245 792 277 854 et
298 787 451 870 Perseus,
474 787 630 853 Deltoton
654 791 686 852 et
711 788 934 854 Andromedae
958 791 1092 871 astrum,

92 879 243 965 Pegasus
262 881 295 942 et
309 876 452 960 Delphin
472 877 661 961 Telnmque,
680 876 802 961 Aquila
815 877 1112 961 Anguitenensque.

94 966 240 1053 Signifer
263 966 338 1031 inde
361 965 488 1049 subest,
509 964 561 1029 bis
586 987 642 1029 sex
665 969 698 1030 et
722 964 829 1030 sidera
851 966 1016 1049 complent
1095 982 1111 1030 e

93 1054 206 1121 Hunc:
231 1056 340 1133 Aries,
363 1053 503 1137 Taurus,
528 1053 670 1136 Gemini,
694 1052 830 1138 Cancer,
851 1053 932 1138 Leo,
954 1051 1067 1138 Virgo,

94 1144 209 1229 Libra,
233 1141 400 1228 Scorpius,
421 1141 655 1226 Arquitenens,
679 1138 896 1226 Capricornus
921 1146 954 1207 et
976 1163 1091 1207 urnam

93 1232 160 1309 Qui
183 1236 273 1297 tenet
296 1235 329 1297 et
351 1230 471 1296 Pisces.
508 1235 585 1315 post
608 1232 740 1296 suntin
763 1231 912 1314 partibus
935 1229 1049 1296 Austri

94 1322 212 1404 Orion,
235 1320 396 1405 Procyon,
418 1319 540 1403 Lepus,
563 1319 678 1384 ardens
702 1316 819 1402 Sirius,
842 1319 947 1405 Argo,
1079 1333 1112 1384 ιο

97 1410 243 1496 Hydrus,
266 1407 400 1491 Chiron,
423 1407 614 1473 Turibulum
637 1430 763 1492 quoque
787 1407 890 1474 Piscis
915 1413 948 1473 et
971 1407 1095 1492 ingens.

96 1499 182 1564 Hinc
206 1499 350 1583 sequitur
371 1496 495 1561 Pistrix
519 1497 616 1561 simul
638 1496 839 1581 Eridanique
862 1497 991 1561 fluenta

586 1686 613 1741 V

97 1794 266 1853 SVLPICIA
286 1792 476 1860 uvnalrvn
495 1791 795 1919 zghsi'll'qpil'ffiltliff.
816 1791 862 1847 ΕΤ
878 1791 1111 1847 TEMPORIBVS

97 1992 206 2074 Musa,
230 1991 348 2076 quibus
371 1992 515 2056 numeris
538 1991 656 2056 heroas
680 1994 712 2055 et
736 2014 826 2056 arma
849 1991 1048 2075 frequentas,

98 2080 266 2147 Fabellam
290 2081 442 2165 permitte
466 2079 546 2144 mihi
570 2080 719 2145 detexere
742 2081 868 2165 paucis,

97 2168 185 2235 Nam
208 2168 270 2234 tibi
293 2169 411 2233 secessi
432 2171 541 2233 tecum
565 2170 731 2252 penetrale
754 2172 935 2234 retractans

98 2256 295 2323 Consilium:
320 2279 418 2342 quare
440 2279 500 2322 nec
523 2258 664 2321 carmine
687 2279 781 2323 curro
806 2257 980 2338 Phalaeco,

99 2347 169 2413 Nec
192 2346 339 2410 trimetro
362 2345 485 2428 iambo,
508 2367 568 2410 nec
591 2347 646 2429 qui
669 2346 750 2429 pede
773 2346 896 2410 fractus
920 2345 1032 2410 eodem
1097 2360 1113 2407 e

99 2434 243 2500 Fortiter
264 2434 361 2499 irasci
384 2434 497 2499 didicit
519 2433 597 2498 duee
621 2432 838 2499 Clazomenio.

99 2522 218 2590 Cetera
240 2525 319 2607 quin
342 2523 453 2607 etiam,
476 2527 556 2608 quot
578 2522 727 2605 deinceps
751 2521 842 2585 milia
864 2521 927 2585 lusi

100 2612 274 2696 Primaque
298 2611 463 2677 Romanos
488 2611 581 2676 docui
605 2610 798 2675 contendere
822 2608 916 2673 Grais

99 2701 145 2766 Et
169 2700 293 2766 salibus
316 2701 442 2765 uariare
465 2700 572 2783 nouis,
596 2703 784 2764 constanter
806 2699 948 2796 omitto·

171 2898 188 2946 3
216 2890 270 2947 lira
293 2891 355 2948 Vct.
385 2893 390 2958 1
420 2891 614 2961 casiopheaC
641 2890 800 2961 cassiiphea
823 2890 859 2945 V¹
887 2889 1029 2959 casiepbia
1052 2888 1114 2944 Vct.

99 2963 248 3032 cassiopea
266 2963 292 3017 G
362 2962 528 3033 laurigam
550 2961 577 3016 V
602 2965 606 3031 Ι
636 2965 666 3018 et
683 2978 733 3017 om.
757 2960 811 3016 VC
880 2966 897 3014 d
921 2960 1007 3017 delfin
1029 2960 1085 3016 VC
1109 2961 1112 3031 l

100 3034 197 3103 aquila
215 3049 266 3089 om.
289 3032 350 3089 Vct.
424 3033 617 3088 Sarcitenens
636 3033 702 3088 libri
722 3035 727 3101 Ι
750 3049 821 3087 urna
840 3030 927 3087 CVG
1000 3039 1033 3087 10
1052 3049 1116 3102 pro·

100 3105 164 3161 aion
187 3103 215 3159 V
230 3121 346 3174 procum
370 3105 431 3160 Vat.
453 3107 457 3171 Ι
477 3105 600 3174 argolG
656 3109 689 3157 11
708 3104 783 3158 idror
808 3103 933 3172 Vydros
957 3103 1019 3159 Vas.
1037 3101 1115 3173 ydria

102 3174 153 3245 θΙ
178 3174 276 3230 cidron
298 3174 326 3230 V
345 3178 350 3246 Ι
374 3175 465 3246 pisces
484 3176 510 3230 G

173 3263 199 3318 V
221 3262 288 3318 V=
297 3265 337 3321 ea
351 3282 395 3333 pr.
408 3264 617 3329 Veratis's1498,
631 3264 698 3318 P=
707 3264 749 3319 ed.
760 3264 918 3318 Parmensis
929 3262 1035 3317 stodes·
1048 3260 1116 3332 Vpo·

100 3335 148 3390 lesi
158 3339 242 3401 1496,
260 3355 282 3388 ω
293 3360 328 3381 ==
340 3334 402 3390 PV
431 3334 511 3390 Decii
525 3334 621 3405 magni
635 3333 752 3389 Ausonii
769 3332 920 3402 Catalogus
933 3331 1023 3386 Vrbiri
1038 3332 1117 3387 nobi·

101 3405 142 3461 liri
161 3405 247 3460 Finit
264 3408 269 3475 Ι
289 3405 412 3489 Sulpilia
428 3406 562 3475 Incipit!
590 3405 721 3472 Queritnr
739 3405 774 3459 de
794 3407 869 3458 statu
883 3404 936 3458 Rei
949 3422 995 3474 pn.
1010 3403 1033 3457 de
1046 3405 1116 3458 tem-

100 3476 217 3547 poribus
246 3475 409 3531 Domitrani.
435 3477 463 3530 P
497 3476 620 3546 Sulpitia
647 3475 748 3544 incipit
776 3475 801 3528 V
834 3473 986 3529 Heroicum
1009 3475 1116 3545 Sulpici

100 3563 223 3603 carmen.
239 3546 320 3604 LXX.
341 3547 573 3603 RVolaterronus
593 3547 738 3602 Commeat.
756 3546 816 3601 urb.
834 3546 852 3601 l.
868 3546 920 3600 IV
934 3547 956 3615 f.
971 3547 1050 3601 LVI
1063 3548 1116 3612 (ed.

95 3637 142 3690 pr.
162 3618 244 3674 Rom
264 3634 290 3674 a.
310 3622 395 3688 1506)
448 3626 464 3673 3
484 3618 600 3674 secessit
623 3618 649 3671 V
707 3624 834 3686 lneque
859 3616 885 3670 V
902 3621 907 3681 Ι
931 3617 1069 3687 phalereo
1091 3617 1119 3671 P

98 3689 221 3761 phaleco
244 3688 271 3744 V
300 3690 434 3745 Phalaeci
458 3690 602 3758 Sebiceper
628 3688 825 3757 fiPhalaeceo
902 3695 919 3743 o
943 3689 1050 3759 iambo]
1078 3703 1117 3742 aa

98 3760 215 3818 elumbe
230 3789 264 3800 -
279 3760 380 3830 pede?
436 3760 570 3816 edidicit
587 3760 700 3815 Vinctus
714 3759 800 3814 discit
813 3779 834 3814 ω
888 3764 1019 3815 ieaetera
1041 3779 1062 3813 ω
1077 3774 1116 3812 an

97 3831 224 3888 Ludicra
237 3830 253 3885 V
268 3835 273 3901 ι
289 3832 364 3901 quod
379 3831 500 3901 denique
514 3852 535 3886 ω
550 3848 618 3886 corr.
630 3831 730 3898 Pes‘per
748 3831 890 3900 quondam
899 3847 972 3900 quae
984 3830 1118 3886 Heina'ua

99 3903 224 3977 [mollia
243 3901 392 3960 Burmann
464 3909 481 3958 8
500 3904 640 3958 Romanas
663 3902 778 3958 Vinctus
801 3905 805 3971 Ι
830 3901 916 3972 graiis
935 3922 956 3957 ω
