2400 4282
458 394 494 404 -
544 377 663 424 LXXXV
712 396 749 406 -

156 525 193 580 V.
222 513 409 600 Sulpicia
433 517 498 581 nid.
515 516 632 603 Peiper
651 517 779 584 Ueberl.
797 542 829 603 p.
847 519 922 586 251.
945 520 1111 587 Baehrens

86 604 190 671 PLM
214 604 244 668 V
263 605 305 670 91
322 626 391 689 sqq.
749 621 755 632 ·

158 692 285 759 XXIII.
319 695 399 758 satis
427 694 466 758 de
494 694 545 759 his
574 695 857 780 epigrammatis*)
881 696 1002 763 dictum
1025 720 1110 765 com·

86 783 306 848 mentationis
329 804 421 847 meae
444 805 513 867 cap.
533 783 582 847 III
606 808 636 869 p.
657 784 844 850 226-256.

383 985 590 1056 Palaeotypa
612 987 821 1044 Auaontana.

159 1081 210 1148 De
242 1082 384 1149 editione
413 1084 559 1168 principe
587 1084 882 1150 Bartholomaei
910 1083 1111 1150 Gircrdini

93 1171 336 1238 Venetiis1472
359 1171 422 1236 uid.
445 1196 476 1257 p.
495 1171 630 1236 LXXII.

158 1258 245 1324 Eam
273 1261 467 1345 sequebatur
490 1259 735 1326 Mediolanum&
757 1282 786 1325 a.
809 1266 893 1328 1499
915 1265 1026 1327 curata
1050 1263 1109 1327 sub

92 1347 231 1434 Georgii
263 1348 407 1413 Merulae
439 1349 592 1432 auspiciis
625 1349 667 1414 ab
696 1348 797 1414 Iulio
825 1350 992 1416 Aemilio
1020 1349 1111 1414 Fer·

88 1437 198 1502 rario
232 1437 320 1521 typis
353 1435 677 1502 Scinzenzellerianis.
723 1439 762 1502 de
794 1459 858 1522 qua
890 1439 975 1523 quod
1009 1461 1111 1521 nuper

91 1525 229 1609 scripsit
241 1524 438 1591 Domenious
454 1523 582 1591 Carutti
601 1523 656 1612 (de
671 1526 812 1591 editione
828 1526 963 1591 Ausonii
979 1548 1006 1591 a.
1024 1526 1111 1590 1490

89 1637 111 1680 a
134 1611 388 1679 Scinzenzellero
410 1613 646 1679 Mediolanensi
668 1615 828 1697 impressa
851 1615 945 1679 etde
969 1613 1110 1678 editione

88 1701 222 1767 Veneta
253 1703 331 1768 anni
361 1703 460 1786 1496,
492 1704 539 1767 in:
570 1701 730 1767 Memoria
762 1702 847 1766 della
874 1725 898 1766 r.
928 1701 1112 1766 accademia

92 1790 178 1856 delle
206 1791 331 1856 sciense
355 1791 388 1856 di
415 1790 535 1857 'Porino
554 1791 596 1856 11.
620 1792 701 1856 serie
724 1795 746 1857 t.
771 1791 813 1857 28
838 1813 869 1875 p.
887 1790 930 1855 23
946 1787 1020 1877 sq.),
1048 1811 1109 1875 ego

94 1901 163 1944 non
195 1878 271 1944 uidi.
311 1880 346 1944 in
379 1902 417 1944 ca
444 1878 612 1945 Ferrarius
644 1901 769 1944 errores
800 1879 926 1964 aliquot
953 1879 1109 1963 principis

89 1967 244 2033 editionis
274 1968 467 2055 uestigauit,
491 1990 597 2053 pauca
624 1969 768 2033 carmina
793 1969 925 2034 meliore
948 1968 1033 2032 libro
1058 1967 1111 2031 ad-

90 2057 182 2122 iutus
210 2057 405 2123 correctiora
428 2057 542 2140 edidit,
571 2056 707 2122 Vrbium
731 2057 915 2143 fragmenta
938 2080 976 2122 ex
1000 2055 1109 2122 codice

89 2143 122 2211 S.
146 2143 318 2230 Eustorgii
341 2145 497 2211 adiunxit.

161 2233 311 2319 Repetite
339 2237 389 2298 est
415 2233 495 2299 haec
525 2233 624 2299 editio
650 2234 783 2300 Vorctiis
801 2239 885 2299 1494
913 2234 1110 2316 tertiumque

92 2326 128 2387 et
160 2323 272 2387 multis
304 2322 384 2388 locis
418 2330 596 2388 correctam
629 2326 663 2386 et
692 2322 870 2387 auctiorem
903 2343 974 2385 eam
1003 2320 1112 2413 emisit

89 2409 355 2495 Hieronymus
370 2411 563 2478 Auantius
584 2411 716 2477 Vcnetiis
729 2414 831 2475 1496:
854 2431 931 2473 nam
950 2408 1111 2493 epigram·

89 2503 183 2564 mata
201 2498 324 2582 XVIII,
347 2499 484 2565 Ausonii
508 2521 592 2584 quac
617 2520 687 2564 esse
707 2498 908 2581 uidebantur,
932 2495 1109 2562 aBnrtho-

89 2586 222 2653 lomaeo
249 2586 377 2654 Merula
408 2592 577 2672 acceperat
606 2588 740 2652 inuenta
768 2587 988 2671 superioribus
1016 2584 1111 2650 annis

89 2673 270 2742 Mediolani
299 2677 340 2741 ab
363 2675 537 2742 Francisco
561 2675 683 2742 Nursio
711 2681 808 2760 poeta
830 2674 1010 2741 Veronensi
1034 2671 1112 2759 (uid.

90 2764 181 2830 infra
203 2786 234 2849 p.
252 2764 455 2853 419-427).
492 2769 589 2850 atque
617 2766 701 2831 hanc
725 2765 909 2849 spanorum
932 2763 1111 2829 carminum

90 2853 212 2918 seriem
246 2850 338 2938 (nam
369 2858 499 2938 praeter
532 2876 631 2918 unum
662 2875 758 2918 nemo
791 2853 854 2917 fuit
882 2853 1027 2918 omnium
1056 2849 1111 2934 qui

90 2942 243 3007 Ausonio
276 2964 409 3026 operam
441 2946 617 3026 nauarnnt,
649 2943 699 3007 cni
731 2963 797 3007 non
829 2941 1036 3026 probauerim
1069 2937 1111 3002 ab

91 3031 242 3096 Ausonio
266 3052 400 3114 prorsus
424 3031 548 3096 alienos
572 3031 631 3096 hos
655 3030 741 3094 fetus
766 3052 835 3094 esse
859 3031 906 3094 eis
925 3049 1008 3113 quae
1027 3047 1112 3092 com-

90 3117 306 3184 mentationis
326 3141 417 3184 meae
435 3121 541 3203 capite
555 3119 604 3183 III
619 3142 650 3203 p.
662 3119 839 3184 nnc-256
858 3113 1006 3201 exposui)
1022 3115 1113 3180 auxit

89 3294 186 3350 uenas
208 3293 281 3349 Seol.
304 3291 381 3364 061
411 3292 560 3363 (scaligeri
587 3309 672 3347 manu
698 3291 854 3416 descriptus
878 3307 912 3345 ex
935 3287 1113 3355 Culaciano);

87 3364 217 3421 nondum
236 3363 523 3421 rotnascenses
546 3363 662 3419 Vindob.
679 3367 732 3418 143
751 3380 773 3416 s.
814 3361 862 3416 III.

165 3435 190 3504 ⁸)
210 3452 307 3491 eornm
326 3452 393 3505 pars
411 3451 446 3490 ex
460 3435 564 3489 Aldina
582 3433 708 3490 edIticne
727 3433 870 3503 descripta
888 3432 992 3501 legitur
1007 3429 1036 3482 in
1051 3427 1112 3482 cod.

89 3507 281 3563 Ambrosium
301 3507 330 3560 P
342 3509 381 3561 83
394 3523 453 3576 sup.
474 3507 563 3561 chart.
585 3525 606 3561 s.
620 3505 686 3559 XVI
706 3509 781 3574 (cnm
797 3504 915 3557 Vrbium
934 3499 1065 3568 catalogo
1085 3503 1114 3552 et

90 3576 242 3649 Epistulae
260 3576 299 3633 ad
320 3575 451 3644 Ursulum
469 3595 515 3632 nu
536 3583 641 3631 14-24
660 3580 690 3631 ct
707 3575 769 3630 ueri
789 3573 905 3629 Ausonii
924 3573 1112 3642 epigramma-

88 3649 340 3777 tislnetvPffira'einu
353 3650 431 3704 8284
449 3647 530 3718 (olim
545 3648 723 3714 Telleriano).
742 3645 777 3700 ct.
793 3645 904 3699 Ueberl.
919 3647 971 3697 279
991 3637 1113 3694 Schenkl

88 3737 120 3791 p.
272 3737 299 3775 n.
317 3725 359 3774 14.
