2430 4274
459 560 753 625 '—38-

180 703 324 770 Ultimus
347 706 398 769 est
419 721 604 787 procyon,
624 699 829 786 geminorum
851 697 1003 765 subditus
1026 702 1129 784 99110,

137 814 192 859 ore
215 792 339 857 micans
362 792 473 876 rutilo,
495 790 582 856 trina
602 789 674 855 face
696 788 824 856 uiscera
844 788 966 855 lucens.

179 881 250 946 Ista
272 880 441 946 uolutatos
464 881 643 944 cernuntur
663 880 781 943 cuncta
801 899 861 961 per
882 897 1001 961 annos,

65 970 217 1040 90911999
239 968 333 1035 uehit
355 967 502 1035 Oceanus
526 972 620 1053 pater
641 966 752 1032 omnia
774 986 943 1051 mersaque
965 986 1079 1032 rursus

136 1058 266 1123 hauriet
288 1055 450 1141 Oceanus,
472 1057 574 1122 trahit
596 1055 714 1140 ingens
736 1053 887 1120 machina
909 1054 995 1120 caeli

137 1150 254 1213 cuncte
277 1166 382 1230 super.
426 1145 567 1230 pingunt
587 1143 720 1210 rutilam
743 1165 803 1209 999
826 1141 933 1208 sidera
952 1147 1094 1210 noctem

182 1234 329 1318 Quinque
346 1233 458 1299 itidem
477 1233 603 1317 stellae,
621 1232 738 1298 similis
756 1231 873 1315 quibus
888 1231 972 1296 hant
986 1233 1031 1298 sit
1042 1233 1145 1320 imago

136 1344 196 1389 nec
219 1344 298 1408 quas
321 1321 499 1387 formarum
522 1321 639 1386 ductus
662 1323 754 1386 notet
776 1319 968 1404 adfixarum,

65 1428 118 1478 910
136 1410 267 1563 pffilbis
291 1431 388 1563 991ιὲΗ
392 1410 466 1494 poli¹
477 1409 624 1583 Ῑ91ἑ1ἓο191111
645 1408 816 1563 19111ἕ11119
838 1408 943 1562 effla.

137 1519 321 1563 amm
412 1520 453 1564 m
619 1518 851 1564 emmoe

137 1608 211 1651 nam
234 1606 321 1672 nuga
342 1521 410 1670 perq
421 1590 527 1652 totam
549 1519 673 1652 eunetls
695 1586 751 1652 nia
772 1585 885 1651 defluit
909 1547 1059 1675 a'ethrpm

137 1695 265 1758 semper
286 1679 320 1741 91
343 1675 481 1741 99199190
503 1675 688 1741 referuntur
709 1675 840 1740 tramite
863 1675 985 1741 mundi.

135 1764 274 1829 mundus
298 1764 340 1829 ab
364 1785 423 1830 eoo
446 1763 588 1829 trahitur
609 1763 801 1848 reparabilis
824 1763 906 1847 alto,

65 1867 117 1918 919
135 1873 258 1936 pronus
281 1851 429 1918 Atlantei
451 1853 563 1937 procul
585 1852 621 1916 in
643 1851 728 1918 uada
750 1851 879 1917 caerula
900 1853 1005 1936 pont'u

135 1940 212 2005 illae
235 1941 269 2004 in
292 1941 433 2006 subrecti
456 1944 577 2026 cogunt
598 1941 662 2006 iter
685 1939 827 2005 aetheris
851 1940 978 2026 orbem,

135 2028 275 2093 nitentes
297 2029 332 2092 in
356 2051 482 2095 summe
504 2029 572 2113 poli
596 2034 752 2114 motuque
774 2029 922 2093 feruntur

137 2116 273 2181 aduerso
298 2117 377 2182 solis
399 2118 499 2182 radiis
522 2140 593 2202 ceu,
617 2139 690 2184 cum
713 2117 799 2183 uada
820 2117 973 2182 cumbam

136 2226 239 2287 prona
261 2205 398 2290 uehunt,
422 2206 524 2291 siquis
547 2228 646 2290 prora
667 2206 792 2271 nitatur
815 2204 857 2270 ab
881 2206 949 2271 alta

65 2311 118 2360 990
136 2293 170 2357 in
193 2293 326 2377 puppim
349 2294 494 2378 proferre
516 2294 645 2379 pedem,
668 2295 723 2359 uia
745 2295 887 2378 carpitur
909 2294 969 2360 olli

136 2382 284 2447 cursibus
307 2382 444 2466 inceptis
467 2384 640 2450 contraria
684 2384 734 2449 uis
757 2388 868 2448 tamen
890 2383 964 2448 istis

136 2470 233 2534 obuia
254 2471 395 2537 labentis
419 2493 545 2556 semper
568 2471 749 2536 sustollitur
772 2472 905 2537 aethrae

134 2559 294 2642 uniceque
316 2560 351 2623 in
375 2559 454 2626 solis
479 2558 612 2626 adolent
633 2559 782 2626 incendia
804 2560 953 2626 flammis.

135 2646 235 2732 longa
258 2649 444 2714 uolutcndis
466 2653 576 2716 tamen
598 2649 673 2715 ollis
696 2653 845 2733 tempora
867 2652 1003 2715 cumunt

166 2810 348 2817 -..ψ-..κη

205 2908 234 2946 u.
253 2895 311 2947 909
328 2893 491 2948 inscribitur
508 2891 683 2948 PROOYON
706 2891 760 2948 VA
823 2897 874 2947 909
894 2893 1022 2962 Procyon
1041 2895 1069 2950 A
1087 2909 1144 2964 pro·

134 2962 197 3016 cion
221 2962 249 3015 V
317 2968 369 3017 900
389 2964 492 3017 haece
511 2964 565 3018 1199
588 2963 659 3019 VAe
730 2969 782 3020 900
801 2964 913 3018 hauriet
936 2963 964 3017 V
979 2963 1145 3020 hauritetA

134 3038 186 3087 907
216 3048 305 3102 super.
354 3032 382 3086 in
442 3038 455 3088 t
477 3034 591 3090 Grotius
619 3035 823 3105 superpingunt
851 3033 904 3087 VA
975 3051 1004 3090 99.
1027 3039 1086 3092 908
1108 3037 1145 3089 19-

87 3168 89 3172 ,
133 3104 265 3159 scribitur
283 3051 381 3158 Pulli
406 3104 478 3158 TAE
503 3105 554 3160 VA
596 3110 647 3161 908
666 3104 766 3160 similis
790 3104 817 3159 V
832 3105 938 3160 similes
956 3111 984 3158 A
1027 3112 1082 3162 909
1099 3122 1145 3160 nec

134 3192 203 3243 quas
220 3190 237 3228 o
256 3178 361 3243 nequas
380 3175 451 3229 VAe
463 3179 473 3244 0
486 3175 586 3231 099199
605 3176 720 3231 Grotius
738 3176 836 3230 doctus
854 3175 905 3229 VA
949 3181 1003 3230 910
1021 3177 1067 3232 bis
1085 3193 1145 3232 sens

133 3245 161 3300 A
183 3244 315 3301 bissenna
338 3246 365 3299 V
433 3253 485 3301 911
509 3248 604 3316 aliquo
623 3247 738 3303 Grotiue
760 3247 816 3301 9119
841 3246 867 3299 V
884 3253 947 3316 post
968 3250 1090 3318 quisque
1108 3248 1146 3303 uel

133 3334 180 3371 999
200 3318 355 3372 litterarum
372 3318 494 3386 spatium
511 3335 628 3373 ocenum
645 3321 673 3373 A
690 3320 700 3388 l
719 3318 890 3388 deprendere
908 3334 925 3372 9
944 3318 995 3373 de'
1017 3319 1103 3374 ndere
1125 3317 1148 3372 V

133 3387 341 3455 deprehendere
364 3386 392 3442 A
419 3388 643 3457 depraehendere
666 3405 680 3443 e
751 3394 803 3444 910
830 3388 860 3443 in
882 3388 956 3444 uada
1030 3392 1145 3460 quisqu

133 3459 288 3512 litterarum
310 3461 431 3528 spatium
452 3476 573 3515 uacuum
593 3461 705 3529 praebet
723 3459 751 3514 A
822 3465 875 3514 910
897 3459 1021 3515 subrecti
1044 3460 1072 3515 V
1086 3461 1145 3515 suh

132 3527 200 3583 iecti
219 3529 245 3582 A
264 3530 300 3597 cf.
319 3530 432 3586 Hermes
452 3530 513 3585 XV
523 3548 554 3600 p.
574 3536 631 3587 188
648 3549 676 3587 a.
696 3535 732 3586 09
805 3536 857 3585 918
876 3530 1007 3586 cumbam
1032 3531 1060 3586 V
1076 3547 1145 3600 cym-

132 3598 200 3652 bam
218 3601 246 3652 A
319 3605 372 3654 990
396 3601 445 3655 9111
470 3601 561 3656 Valli
580 3618 651 3659 corr.
669 3602 697 3657 A
770 3607 821 3656 921
841 3601 960 3683 inceptis
978 3619 993 3658 e
1010 3601 1144 3672 incaeptis

135 3668 165 3747 ⁵V
181 3668 319 3738 incoeptis
337 3672 365 3724 A
384 3672 444 3739 luis
463 3675 557 3728 tamen
576 3673 638 3727 19119
655 3690 669 3728 9
687 3672 737 3728 919
756 3671 851 3727 istam.
870 3673 931 3727 istis
954 3672 982 3727 V
997 3674 1042 3729 uis
1060 3673 1102 3728 ita
1118 3671 1144 3725 in

132 3741 194 3820 19119
213 3741 241 3795 A
305 3746 356 3795 999
388 3741 496 3799 abentis
515 3744 629 3800 Grotius
646 3744 754 3799 labenti
777 3742 827 3798 VA
891 3749 943 3798 929
962 3739 1147 3813 unicequeV

132 3825 215 3865 umoa
234 3827 288 3885 que
306 3812 334 3866 A
407 3817 458 3867 994
477 3815 637 3871 uolutandis
661 3815 687 3869 V
702 3813 859 3870 colluandis
877 3813 905 3868 A
