2430 4274
366 523 685 598 ‘-oa-

65 692 266 758 Incumbunt
289 692 340 757 cui
363 695 492 775 cuncta,
515 691 613 756 simul
636 691 758 756 deuexa
780 696 955 775 sequentur

67 780 188 846 Cetera
210 801 478 864 communemque
501 779 632 844 trahent
655 802 675 845 a
697 779 819 844 uertice
841 781 979 865 lapsum.

66 867 146 935 Non
169 869 266 934 aliter
288 868 375 933 libre
398 872 457 933 est
494 869 522 933 si
545 867 650 932 defuit
671 868 780 950 uncia,
802 872 890 934 totus

68 957 147 1024 Non
170 957 234 1022 erit
257 980 292 1022 as
317 978 497 1040 nomenque
521 956 626 1021 deunx
648 955 715 1020 iam
738 977 849 1021 cassus
872 957 1017 1024 habebit.

66 1045 139 1112 Nec
162 1047 300 1112 dextans
324 1045 442 1110 retinet
464 1066 584 1110 nomen
606 1048 755 1109 sextante
777 1051 916 1128 remoto,
1049 1062 1084 1113 ιο

67 1135 115 1200 Et
138 1135 278 1199 dodrans
302 1134 480 1217 quadrante
499 1133 623 1198 *satus
647 1137 778 1200 auctore
801 1134 925 1199 carebit

68 1223 292 1307 Diuulsusque
314 1222 416 1286 triens
439 1221 590 1306 prohibet
611 1223 784 1306 persistere
807 1222 944 1288 bessem.

68 1312 140 1378 Iam
163 1312 327 1396 quincunx
349 1311 412 1376 tibi
434 1310 544 1375 nullus
568 1311 644 1393 erit,
667 1311 695 1375 si
718 1311 864 1396 *prema
887 1312 1035 1379 reuellas.

68 1401 115 1466 Et
139 1400 237 1465 semis
260 1400 313 1465 cui
335 1399 435 1464 semis
459 1399 521 1463 erit
543 1398 754 1484 pereuntibus
778 1399 861 1465 assis

67 1489 245 1553 Partibus?
269 1492 303 1551 et
325 1489 414 1552 cuius
437 1487 540 1552 librae
563 1509 639 1571 pars
663 1490 802 1572 septima
826 1488 985 1572 septunx?
1049 1503 1083 1554 au

69 1577 170 1642 Libra
193 1578 307 1660 igitur,
330 1580 438 1642 totum
462 1577 491 1639 si
513 1575 605 1641 nulla
627 1577 661 1640 in
684 1583 777 1660 parte
801 1577 942 1642 uacillet.

67 1665 227 1731 Ponderis
246 1669 280 1729 et
296 1665 424 1729 numeri
446 1685 638 1749 morumque
657 1686 855 1749 operumque
874 1670 908 1730 et
926 1686 1084 1749 aquarum

67 1754 182 1820 Libra:
205 1776 264 1819 nec
283 1762 333 1818 est
350 1753 513 1836 modulus,
536 1775 632 1837 quem
651 1775 717 1818 non
735 1753 798 1817 hoc
815 1753 946 1818 nomine
965 1755 1085 1838 signes.

68 1842 227 1924 Telluris,
249 1842 355 1907 medio
379 1863 461 1926 quae
484 1842 604 1926 pendet
626 1842 660 1906 in
683 1862 769 1924 aere,
792 1842 876 1906 libra
900 1847 950 1906 est

67 1930 117 1995 Et
140 1931 218 1995 solis
240 1932 400 2014 lunaeque
422 1930 493 1994 uias
518 1952 576 1995 sua
599 1930 684 1995 libra
706 1930 865 1995 cohercet
1050 1945 1085 1995 eo

68 2019 172 2084 Libra
195 2019 238 2083 dii
262 2019 429 2103 somnique
453 2041 548 2103 pares
572 2019 767 2083 determinat
789 2019 901 2102 horas,

70 2108 172 2172 Libra
195 2105 389 2172 Caledonios
413 2107 483 2171 sine
506 2107 602 2172 litore
627 2109 770 2173 continet
793 2111 916 2172 aestus:

69 2196 122 2261 Tu
146 2218 272 2280 quoquc
296 2201 385 2261 certa
408 2217 502 2260 mane
526 2217 652 2261 morum
675 2197 757 2261 mihi
779 2197 863 2261 libra
888 2217 1041 2262 meorum.

13 2374 77 2416 vm
94 2373 144 2422 [aaa
157 2372 243 2422 noun]
289 2352 336 2407 DE
356 2351 520 2407 RATIONE
540 2351 735 2405 PVERPERII
753 2351 907 2406 MATVRI.

71 2444 206 2529 Omnia,
228 2466 309 2528 quae
333 2445 424 2509 uario
448 2466 556 2508 rerum
579 2443 733 2532 metimur
755 2444 790 2507 in
813 2448 901 2527 actu,

70 2535 249 2599 Astrorum
272 2532 456 2597 dominatus
480 2533 550 2617 ugit
573 2536 764 2615 terrenaque
787 2536 917 2596 tantum

70 2622 221 2687 Membra
242 2620 377 2685 homini.
414 2642 431 2685 e
454 2621 578 2704 superis
602 2620 732 2684 fortuna
756 2623 789 2684 et
811 2620 946 2703 spiritus
970 2621 1057 2684 auris

71 2711 215 2794 Septeno
238 2710 434 2774 moderanda
457 2709 569 2774 choro:
594 2715 645 2774 set
667 2709 830 2792 praesidet
853 2709 927 2773 ollis

71 2797 217 2864 Sortitus
240 2798 385 2882 regimen
407 2798 529 2862 nitidae
553 2796 608 2862 Sol
632 2820 748 2863 aureus
772 2798 912 2862 aethrae.
1070 2813 1086 2863 c

70 2887 141 2952 Nec
165 2886 235 2951 sola
257 2888 291 2951 in
313 2887 408 2951 nobis
433 2886 619 2951 moderatur
640 2890 791 2970 tempora
814 2887 916 2970 uitae,

70 2976 160 3041 Dum
183 2975 281 3039 breue
305 2975 438 3040 solliciti
463 2975 605 3058 spatium
628 2975 835 3058 producimus
859 2975 945 3040 aeui:

145 3114 187 3169 of.
207 3112 372 3168 Censorinus
391 3114 427 3167 de
446 3114 472 3168 d.
492 3133 519 3167 n.
539 3119 564 3181 8,
578 3120 665 3167 2—12

147 3243 180 3292 16
198 3237 374 3292 incumbunt
396 3237 424 3291 V
494 3243 526 3291 19
546 3235 638 3296 οιιιζιι
657 3238 693 3291 al.
713 3238 787 3307 diat.)
812 3237 856 3308 71
877 3237 952 3291 dunx
975 3237 1002 3291 V
1017 3254 1087 3292 corr.

69 3309 165 3392 Lacu.
187 3307 310 3376 lababit
333 3307 360 3361 V
421 3314 455 3362 20
474 3308 588 3362 destans
612 3308 639 3361 V
699 3314 732 3362 21
753 3311 831 3362 satus
855 3308 882 3362 V
902 3324 999 3362 carens
1019 3309 1087 3364 Gro-

68 3381 175 3435 aora'ua
238 3385 271 3432 22
295 3377 406 3448 proibet
429 3378 456 3432 V
521 3385 555 3432 23
578 3378 720 3447 quincunx
739 3380 870 3448 lapdon.
899 3379 1015 3447 quinqu
1039 3379 1065 3432 V

68 3465 172 3522 proma
194 3448 222 3505 V
246 3450 337 3519 prima
356 3449 487 3519 Lupdua.
515 3451 536 3517 f.
555 3466 683 3519 gramma
707 3450 712 3519 1
736 3448 856 3505 rebellas
881 3450 907 3504 V
975 3456 1010 3504 24
1029 3450 1075 3504 oui

69 3540 119 3590 qur
111 3519 255 3575 Hsdtact
309 3526 343 3575 29
397 3536 427 3574 re
451 3521 495 3590 71
517 3521 652 3575 labraV¹
672 3523 700 3590 (a
718 3523 749 3575 ιἰι
767 3540 784 3574 ι
802 3538 870 3576 corr.
890 3522 938 3588 cl)
994 3528 1028 3575 30
1047 3522 1088 3575 lu·

69 3591 177 3676 11⁸⁴st
199 3593 203 3658 1
229 3595 340 3646 coercet
363 3524 495 3661 Viti
447 3593 488 3646 In
510 3608 595 3661 mcrp.
615 3610 662 3645 aa.
682 3597 758 3647 18-
763 3598 803 3649 26
826 3594 942 3662 antiqua
965 3610 999 3646 ιιι
1024 3593 1089 3647 lacco

72 3665 147 3718 cesis
165 3669 190 3718 ct
204 3664 332 3731 partium
350 3664 409 3716 cius
426 3665 508 3732 eiquo
525 3664 648 3718 addidit:

159 3733 869 3803 [18Μ18ΛΛΛ18ΝΝ1ΛΛ8Λ1ΛΝ1ς
889 3733 994 3804 111111

143 3821 211 3875 VIII
233 3828 249 3876 2
268 3825 399 3877 terraena
421 3821 455 3875 V¹
511 3823 642 3878 tmebra
664 3823 691 3876 V
742 3825 896 3893 4septena
918 3822 954 3875 V
1009 3821 1087 3876 esol
1119 3822 1148 3874 V

71 3892 102 3947 in
126 3891 154 3948 7
169 3908 240 3949 corr.
258 3892 319 3949 Tou
393 3893 492 3965 laeui
516 3894 543 3948 V
