2430 4274
534 557 687 624 -394
735 593 773 604 -

149 716 254 782 eidem
283 715 499 783 mandauerat
527 715 566 781 de
590 715 787 783 Graecorum
815 713 952 779 ducibus
979 713 1165 799 requirenti.

148 806 239 890 proci
267 809 376 871 autem
403 809 578 890 postquam
610 804 649 869 de
682 803 775 870 abitu
801 801 990 869 Telemachi
1020 805 1163 889 cunperti
1181 819 1207 868 ro

150 897 240 978 sunt,
263 893 425 960 instructa
444 892 644 977 deductaque
661 893 740 959 naui
757 891 891 978 uiginti,
915 891 972 976 qui
991 912 1065 958 sese
1081 892 1162 976 lege

149 985 238 1067 rant,
261 983 519 1068 enauigauerunt
541 982 690 1048 redeunti
707 981 845 1046 insidias
863 980 1049 1048 molientes.
1082 981 1164 1049 circe

150 1072 315 1137 Asterium
329 1091 407 1157 ergo
425 1071 577 1154 insulam,
595 1092 679 1155 quae
692 1069 842 1136 Ithacam
856 1066 1058 1155 Samumque
1070 1069 1162 1135 inter-

150 1161 251 1245 iacet,
274 1159 500 1226 delitescentes
525 1160 729 1225 occasionem
751 1157 875 1224 dandis
899 1162 1084 1242 expectant

639 1349 673 1405 V.

310 1450 401 1525 <trec
420 1449 449 1509 δ’
470 1449 503 1510 ἐκ
521 1453 625 1525 λεχέων
644 1450 715 1524 παρ’
736 1449 847 1525 ἀγαυοῦ
870 1453 1038 1528 Τιθωνοῖο)

310 1525 445 1595 Liqueret
463 1525 493 1580 in
511 1527 609 1596 tepido
628 1525 781 1581 Tithonum
800 1526 910 1581 Aurora
926 1524 1025 1581 cubil‘a

217 1649 396 1717 Mercurius
423 1653 458 1717 in
481 1650 645 1737 Ogygiam
672 1652 814 1717 insulam
844 1651 988 1736 deuolat,
1019 1655 1059 1717 ut
1079 1651 1165 1717 lonis

151 1740 285 1805 monitis
305 1737 446 1825 Calypso
471 1741 646 1807 conterrite
664 1738 794 1805 Vlixem
816 1741 964 1824 patiatur
985 1739 1165 1806 abscedere.

31 1839 38 1848 “
151 1829 206 1912 qui
240 1834 394 1895 contextu
426 1830 506 1894 ratis
543 1833 664 1893 temere
695 1833 888 1913 properatae
918 1828 1191 1913 nauigationeme

153 1917 243 1982 solus
263 1917 460 2002 aggreditur.
493 1917 776 1983 duodeuicensima
795 1917 847 1982 die
865 1921 1065 2000 tempestate
1083 1939 1164 1984 com·

153 2009 256 2086 mota,
280 2026 320 2070 ex
343 2005 510 2071 iracundia
532 2005 710 2070 infestante
729 2004 895 2089 Neptuno,
918 2005 1065 2072 trabium
1084 2028 1163 2072 com·

151 2113 236 2178 pago
260 2092 458 2158 dissoluitur.
505 2117 568 2179 quo
598 2115 675 2159 casu
702 2094 851 2178 proditur
878 2094 1014 2159 ultimae
1043 2094 1114 2180 spei
1134 2099 1164 2158 et

151 2181 254 2246 irritis
279 2182 450 2247 conatibus
475 2182 618 2248 natando
642 2183 683 2247 ab
707 2183 765 2248 lno
789 2182 849 2247 dea
872 2183 1084 2248 misericorde
1105 2203 1163 2247 ser·

151 2273 254 2334 natur.
302 2292 384 2355 quae
413 2272 606 2336 calanticam
635 2271 735 2356 capiti
764 2292 822 2336 suo
850 2271 1017 2354 demptam
1041 2271 1162 2337 natanti
1179 2282 1202 2331 10

152 2357 390 2443 accommodat,
414 2361 503 2425 cuius
523 2361 578 2424 ille
598 2363 782 2425 sustentatu
802 2359 843 2424 ad
862 2382 965 2443 usque
984 2359 1160 2426 Phaeacum

152 2448 232 2512 litus
256 2447 375 2513 euadit.

633 2621 681 2675 Vl.

238 2720 309 2851 gite
327 2723 343 2782 ὁ
364 2724 415 2797 μὲν
435 2725 509 2783 ἔνθα
527 2728 657 2782 καθεῦδε
676 2724 814 2790 πολύτλας
832 2729 897 2809 δῖος.
908 2722 1082 2801 Ὀδυσσεύς)

261 2799 379 2867 arpebat
397 2815 508 2853 somnos
528 2798 632 2852 dudum
653 2816 833 2854 aerumnosus
851 2797 956 2853 Vlixes

220 2921 333 2988 Vlixes
362 2929 535 3008 postquam
564 2925 606 2991 ad
628 2925 812 2991 Phaeacum
835 2925 915 2990 litus
940 2926 1068 3010 enauit,
1095 2923 1160 2989 isti·

224 3102 240 3151 9
260 3102 427 3153 manauerat
441 3097 469 3152 P
483 3115 552 3154 corr.
566 3099 666 3169 Peiper
683 3101 848 3154 narrsuerat
860 3098 988 3169 Vpolstue
1041 3103 1075 3153 10
1091 3095 1161 3168 proci

152 3168 259 3250 autem]
279 3185 330 3237 pro
349 3168 461 3239 tia3P1
477 3169 576 3225 habitu
586 3170 614 3225 P
629 3187 697 3226 corr.
713 3171 805 3225 Poris.
823 3172 828 3237 l
845 3170 974 3238 conperti
993 3170 1161 3237 snntPeiper

151 3239 317 3366 ipelimPP
374 3246 410 3366 pp
427 3241 662 3366 {pppigauterunp'
672 3241 773 3296 Παντεῖ
791 3245 820 3296 et
837 3240 1021 3311 nauigelluei.
1043 3241 1089 3307 ΡΙ
1109 3253 1160 3292 mo

162 3328 208 3364 ren
241 3328 254 3365 s
490 3328 567 3367 recen
583 3328 613 3366 es

223 3399 249 3453 V
274 3401 458 3468 ttythonum
480 3399 526 3471 ΡΙ
549 3400 641 3455 cubile
659 3399 688 3455 P
704 3416 773 3459 corr.
788 3400 881 3455 Puris.
954 3399 1099 3470 leelipso
1115 3397 1159 3466 1³5

152 3469 291 3523 conterite
309 3470 349 3524 P·
375 3471 378 3541 Ι
404 3469 557 3525 aliacedere
573 3471 600 3524 P
615 3488 685 3527 corr.
706 3472 819 3540 Peiper,
843 3469 987 3525 discedere
1007 3469 1131 3542 Vpoletas

153 3545 169 3592 5
193 3544 327 3608 properat
349 3546 380 3595 at
398 3542 426 3595 P
445 3559 513 3597 corr.
533 3543 671 3597 Borttius
698 3544 848 3612 properate
870 3540 998 3610 Vpolrtrcs
1067 3541 1160 3596 tdno

152 3609 338 3664 deuiceesima
351 3611 379 3665 P
431 3617 448 3665 8
466 3611 593 3682 proditus
607 3613 758 3669 Mommsen
812 3619 833 3675 9,
847 3613 930 3666 natas
946 3612 1057 3667 Pcorr.
1072 3611 1161 3679 Papa

150 3682 252 3734 natans
267 3679 383 3734 schedel
403 3684 406 3749 Ι
429 3682 543 3738 inodam
563 3685 617 3752 (ael
635 3684 711 3752 dam)
733 3684 761 3737 P
782 3684 832 3739 lno
851 3683 905 3746 dea
921 3683 1116 3738 Assaracum

154 3757 187 3805 10
205 3747 386 3823 calanticam]
409 3752 455 3822 ΡΙ
476 3754 554 3823 capti
571 3754 601 3810 P
672 3761 704 3809 11
724 3755 898 3824 sustentatus
920 3753 969 3824 ΡΙ
988 3749 1163 3823 pheatumP

223 3837 263 3892 Vl
280 3843 297 3892 8
316 3839 451 3908 phaetum
467 3841 517 3911 ΡΙ
538 3845 672 3897 euenerat
690 3841 855 3912 figationem
869 3841 899 3896 P
913 3856 983 3898 corr.
997 3841 1099 3912 Pes'psr
1115 3836 1161 3908 (la-

152 3908 320 3979 tigationem
345 3909 481 3980 Vpoletaa)
