2430 4274
516 534 757 599 -296..

178 695 342 760 Restituet
364 716 462 759 usura
483 694 570 759 deus.
1110 710 1141 761 80

133 783 220 850 Huic
243 788 416 848 necantem
441 783 493 848 uel
517 783 699 847 studentem
722 784 756 846 et
778 781 936 867 deditum,

178 872 217 938 In
239 872 302 937 boo
324 876 535 955 reponentem
559 871 668 935 omnia

134 960 185 1027 Ne
208 981 328 1045 quaeso
352 981 484 1045 segnem
507 981 589 1024 neue
611 979 800 1043 peruersum
823 962 919 1044 putes

178 1048 248 1115 Neo
272 1049 451 1135 orimineris
474 1048 620 1131 impium.

134 1137 244 1203 Pietas
268 1138 382 1203 abesse
406 1133 591 1201 Christiano
615 1137 670 1220 qui
692 1136 822 1218 potest?

179 1225 329 1310 Namque
352 1228 581 1310 argumentum
604 1228 752 1289 mutuum
776 1229 826 1290 est

135 1314 286 1398 Pietatis,
309 1335 380 1378 esse
404 1310 638 1397 Christianum,
662 1317 695 1377 et
715 1312 823 1398 impii,

180 1401 256 1467 Non
279 1423 350 1466 esse
373 1398 503 1466 Christo
527 1401 703 1467 subditum.

135 1489 229 1555 Hane
253 1511 325 1555 oum
349 1494 458 1554 tenere
482 1489 650 1573 discimus,
672 1511 805 1574 possum
828 1489 892 1553 tibi

179 1578 256 1645 Non
279 1577 443 1662 exhibere,
466 1578 500 1642 id
523 1583 574 1643 est
595 1579 697 1663 patri,

136 1664 198 1732 Oui
220 1672 337 1733 ounota
360 1672 473 1732 saneta
495 1667 580 1749 iura,
603 1688 679 1732 eara
701 1666 836 1731 nomina

180 1754 307 1821 Debere
330 1777 381 1820 me
404 1756 509 1821 uoluit
531 1755 633 1820 deus?

136 1843 212 1909 Tibi
235 1844 437 1928 disciplinas,
460 1844 668 1927 dignitatem,
690 1843 833 1926 litteras,

181 1932 340 2019 Linguae,
362 1936 475 2017 togae,
497 1933 604 1997 famae
627 1931 724 1998 deeus

136 2019 329 2104 Proueotus,
352 2021 454 2103 altura,
476 2021 648 2085 institutus
672 2020 787 2105 debeo,

182 2108 335 2192 Patrone,
358 2113 563 2193 praeceptor,
586 2113 688 2193 pater.

138 2195 201 2262 Sed
224 2219 280 2262 eur
302 2201 446 2262 remotus
469 2197 594 2261 tamdiu
618 2197 748 2281 degam,
771 2197 881 2281 arguis

181 2285 304 2370 Pioque
327 2289 418 2350 motu
443 2285 616 2351 irasceris?

137 2372 298 2439 Conduoit
320 2375 407 2439 istud
429 2378 487 2440 aut
508 2395 641 2439 neeesse
664 2378 715 2439 est
737 2377 793 2440 aut
814 2375 937 2460 placet:

181 2463 334 2547 Veniale,
358 2462 513 2548 quidquid
537 2463 667 2548 horum,
691 2463 762 2528 erit.
1101 2479 1147 2529 100

136 2550 273 2637 Ignosce
296 2553 432 2637 amanti,
459 2553 486 2617 si
510 2573 621 2638 geram
646 2552 731 2636 quod
754 2551 896 2638 expedit,

183 2641 335 2723 Gratare,
359 2642 387 2705 si
410 2642 534 2725 uiuam,
556 2647 594 2705 ut
617 2640 706 2705 libet.

209 2783 244 2834 80
262 2778 388 2833 restituit
410 2779 437 2833 V
507 2784 540 2834 81
560 2780 690 2833 uaoatem
711 2778 740 2833 P
810 2785 845 2835 88
864 2796 893 2834 se
933 2779 1018 2834 8111
1043 2843 1045 2848 ,
1068 2779 1149 2904 nemi}

136 2848 202 2916 neq‘
219 2849 261 2917 Sl
284 2850 366 2918 putet
384 2849 413 2903 P
465 2854 500 2904 80
518 2849 628 2924 piaetes
652 2849 710 2919 V¹1
732 2849 864 2906 cristiano
924 2850 1108 2907 christianum

173 2924 208 2973 80
226 2919 367 2988 mutuum]
386 2922 467 2974 tuum
484 2920 513 2974 P
583 2925 617 2975 87
636 2919 768 2990 pietasS
811 2919 975 2976 cristianum
994 2921 1136 2993 ssimii

136 2990 231 3059 ipsum
248 2988 278 3043 P
346 2994 380 3044 88
399 2989 535 3044 christum
554 2992 583 3046 P
653 2997 687 3047 89
706 2991 780 3046 hano
811 2992 857 3046 hic
876 2991 905 3046 P
917 2995 921 3061 Ι
937 2992 1079 3050 diaeum

137 3074 237 3130 posum
261 3059 299 3114 V¹
321 3063 326 3125 1
350 3059 415 3145 tibi]
434 3062 478 3115 ter
496 3061 525 3116 P
576 3068 611 3117 90
630 3063 739 3118 exiuere
763 3063 799 3119 V¹
823 3062 934 3119 exibere
952 3063 982 3118 P
1036 3071 1068 3120 88
1084 3062 1138 3118 tibi

137 3147 179 3203 tei
197 3148 243 3217 ΡΙ
260 3147 422 3218 disoiplinas
440 3151 472 3203 Π
524 3157 559 3205 04
577 3150 595 3206 1.
615 3154 645 3206 et
662 3153 748 3221 togae
767 3151 797 3207 et
814 3151 832 3205 f.
847 3152 893 3221 ΡΙ
909 3152 1003 3207 tamen
1022 3152 1148 3224 8118888

138 3219 239 3274 edecus
263 3219 301 3276 V¹
372 3224 407 3275 80
426 3220 500 3275 altus
519 3221 573 3276 PS
594 3224 693 3278 anetus
716 3222 799 3290 an
821 3222 935 3278 institua
954 3222 983 3277 P
1051 3228 1086 3278 88
1103 3239 1148 3293 pse

138 3325 238 3381 tronae
258 3326 294 3382 V¹
310 3327 315 3398 Ι
331 3328 484 3397 praecepto
502 3328 525 3384 S
578 3335 612 3384 07
631 3346 680 3384 our
698 3329 735 3384 V¹
754 3305 823 3396 qvir
845 3328 883 3383 V’
898 3332 903 3398 1
919 3345 999 3384 curre
1019 3332 1111 3385 motus
1124 3328 1150 3382 11

139 3436 299 3489 curemotus
317 3435 368 3501 ΡΙ
394 3411 467 3503 dibi
488 3437 525 3491 at.
544 3452 613 3491 corr.
633 3435 656 3490 S
673 3435 788 3505 degam:
805 3452 826 3506 g
843 3436 881 3491 ol.
899 3436 931 3490 in
948 3452 1006 3491 roe.
1022 3453 1075 3507 pro
1092 3439 1106 3491 t
1121 3438 1149 3490 at

138 3539 198 3594 ua.
213 3539 240 3595 V
292 3547 326 3596 oe
344 3542 460 3597 moer
512 3547 546 3597 oe
565 3508 712 3601 conando
726 3541 810 3596 seusa
823 3543 855 3595 ur
868 3540 891 3596 a
905 3545 910 3609 ι
925 3540 1018 3614 ntus]
1036 3541 1101 3598 eur
1115 3538 1149 3595 w

140 3614 191 3664 100
200 3611 324 3683 8881818]
333 3611 381 3666 881
390 3611 467 3667 aliud
479 3612 525 3680 ΡΙ
542 3612 680 3681 quidquid
692 3613 719 3668 V
736 3611 868 3681 quioquid
877 3613 934 3667 HS
952 3613 1072 3683 quisPl
1087 3610 1149 3682 erit]

138 3682 182 3735 est
197 3680 311 3736 VPns
366 3688 415 3737 101
436 3683 582 3739 amantiP
597 3700 693 3739 amens
707 3682 766 3738 Vn
782 3699 879 3738 amans
889 3683 1044 3741 samen.
1064 3683 1150 3739 amieo

138 3751 291 3807 Aeaeam
309 3752 431 3809 clemens
443 3756 619 3811 Zeoluueieter
656 3760 708 3810 102
727 3754 817 3809 Grata
832 3771 878 3809 res
889 3755 917 3808 P
951 3755 1070 3811 Fininnt
1081 3754 1150 3809 Paa-

137 3819 190 3876 lini
204 3821 241 3876 ad
255 3823 420 3882 Ausonium.
438 3826 517 3895 incili
526 3826 644 3881 Ausonii
657 3824 853 3881 adPaulinurn
868 3827 914 3893 (eo.
978 3822 1151 3894 8188881818

137 3892 263 3950 Bmoeell.
284 3897 326 3962 (in
343 3913 396 3967 quo
409 3897 520 3952 Paulini
534 3899 604 3964 om).
632 3896 708 3952 Finit
720 3896 824 3965 Incipit
841 3896 903 3952 laus
921 3895 963 3954 sei
981 3896 1107 3953 iohanni
1126 3895 1153 3949 11
