2430 4274
506 540 749 605 ...402-

567 784 680 840 XVIIII.

263 887 357 962 Αὖταρ
376 890 392 948 d
412 889 444 949 dv
463 892 576 966 μεγάρῳ
594 887 762 948 ὑπελείπετο
782 894 842 956 δῖος
857 887 1011 956 Ὀδυσσεύς

263 965 303 1020 At
320 966 401 1036 parte
418 964 552 1019 interiore
571 963 670 1019 domus
689 966 813 1019 secretus
831 963 929 1020 Vlixes

187 1090 300 1158 Vlixes
329 1114 401 1156 cum
425 1089 618 1156 Telemacho
647 1092 756 1156 omnia
778 1091 817 1155 de
841 1090 948 1155 medio
977 1091 1135 1157 amoliun-

118 1185 174 1246 tur
196 1182 301 1268 procis
324 1179 498 1265 perniciem
522 1184 762 1264 comparantes,
791 1202 832 1244 ne
861 1178 1041 1265 quidquam
1069 1202 1135 1245 mu·

120 1269 256 1334 nimenti
281 1274 339 1334 aut
361 1269 417 1332 teli
440 1268 688 1352 relinqueretur,
711 1269 766 1354 qui
785 1268 837 1333 uel
856 1288 972 1333 cauere
990 1269 1059 1333 uim
1082 1268 1166 1334 nelo

120 1358 239 1423 inferre
268 1359 408 1441 possent
455 1355 495 1420 ad
524 1355 721 1439 Penelopam
753 1355 866 1421 deinde
895 1357 999 1422 accitu
1032 1356 1134 1441 ipsius

119 1445 228 1530 pergit
249 1445 374 1528 ibique,
394 1447 430 1508 ut
452 1442 598 1508 Eumaeo
622 1444 760 1524 dixerat,
786 1442 973 1510 Cretensem
1001 1466 1037 1510 se
1065 1467 1135 1510 ease

121 1534 277 1599 mentitur
295 1531 476 1616 Vlixenque
496 1532 582 1616 apud
600 1555 634 1598 se
658 1533 802 1617 hospitio
821 1533 1027 1598 deuersatum
1052 1555 1135 1599 com·

120 1622 311 1687 miniscitur.
348 1643 423 1686 mox
443 1644 516 1687 cum
534 1620 689 1706 Euryclia
707 1621 810 1706 ipsius
828 1623 938 1687 nutrix
959 1621 1134 1707 hospitalis

121 1709 221 1776 officii
244 1732 342 1776 causa
364 1710 462 1795 pedes
486 1710 554 1775 eius
578 1711 715 1792 elueret,
738 1714 828 1776 tactu
852 1731 968 1777 manus
991 1710 1134 1775 animad-
1154 1728 1181 1776 ιο

120 1800 236 1863 uertit·
247 1799 443 1882 cicatricem,
476 1821 572 1883 quarn
603 1799 747 1865 habebat
775 1820 813 1863 ex
841 1799 973 1864 uulnere
1000 1800 1034 1864 in
1059 1798 1134 1864 Par·

120 1907 202 1953 naso
230 1886 392 1973 quondam
421 1887 487 1952 suis
513 1887 609 1952 dente
631 1909 811 1972 percussus.
853 1908 917 1971 qno
940 1892 1134 1972 argumento

121 1976 288 2041 alumnum
307 1998 401 2040 suum
422 1997 491 2040 esse
510 1977 691 2060 cognoscit,
715 1976 771 2041 aad
791 1976 831 2040 ab
851 1976 977 2060 eodem,
1000 1974 1134 2062 nequid

121 2064 209 2128 ultra
232 2065 285 2128 uel
309 2069 445 2149 quaerat
466 2064 519 2128 nel
544 2066 681 2149 garriat,
704 2063 902 2130 cohercetur.

596 2308 655 2363 XX.

245 2409 360 2488 <Adada
379 2410 395 2470 ὁ
416 2410 447 2470 ἐν
465 2412 598 2487 προδόμῳ
617 2411 751 2481 εὐνάζετο
771 2416 832 2478 δῖος
847 2410 1019 2489 Ὀδυσσεύς)

245 2486 360 2555 Iamque
379 2503 478 2555 procos
496 2503 589 2556 genua
607 2487 780 2556 amplectens
799 2486 898 2541 orabat
917 2484 1023 2543 Vlixes.

186 2613 405 2697 Epulantibus
428 2614 535 2698 procis
554 2611 728 2697 Gtesippus
748 2614 781 2677 in
797 2613 913 2677 Vlixen
934 2634 1010 2678 crus
1034 2613 1129 2679 bubu-

118 2702 187 2766 lum
206 2703 296 2787 iacit,
316 2702 371 2767 sed
391 2702 605 2768 destinatione
624 2723 691 2767 non
710 2703 842 2785 potitur.
875 2700 1128 2786 Theoclymenus

120 2794 237 2872 autem,
252 2790 336 2873 apud
348 2790 551 2856 Ithacensios
567 2790 776 2855 diuinationis
790 2795 949 2873 expertae,
969 2791 1129 2856 inminens
1144 2802 1155 2850 t

119 2878 226 2960 procis
247 2878 443 2943 uatIcinatur
463 2880 606 2944 exitium.
644 2901 780 2963 quorum
801 2879 904 2944 multa
923 2878 1129 2944 cauillatione

119 2965 242 3030 derisus
270 2987 382 3030 mensa
404 2971 438 3031 et
461 2967 556 3033 domo
584 2973 750 3052 tamquam
778 2967 920 3032 furiosus
944 2967 1128 3033 excluditur.

188 3193 293 3249 XVIIII
314 3203 326 3249 1
347 3187 514 3250 ὑπελείπετο
529 3197 589 3257 δῖος
600 3189 1131 3318 ’OdoacadcqunstrroatrotoaycteytP

117 3266 252 3322 tulnoes
273 3267 312 3321 P·
373 3265 513 3337 30mnia]
537 3283 617 3322 arma
635 3266 729 3319 omnia
776 3265 880 3336 yolctua
942 3266 1128 3335 tproniciem

119 3337 166 3403 Pl
190 3338 356 3409 quidquam]
376 3337 461 3406 quidq
483 3337 511 3390 P
528 3336 596 3406 quid
614 3339 663 3391 aut
680 3336 805 3407 quletus
859 3342 875 3390 ὁ
893 3335 1082 3405 reliqueretur
1095 3336 1129 3391 P'

154 3407 239 3479 tad]
259 3408 295 3463 ad
309 3409 377 3464 inP
391 3409 421 3462 in
434 3409 485 3463 det.
495 3409 659 3471 Acontius!
679 3407 780 3476 penelo
801 3407 885 3461 emP
938 3408 1126 3474 'lcumeoPss

118 3482 271 3533 certensem
291 3480 329 3534 P·
381 3479 494 3535 tulius
515 3479 544 3532 P
594 3479 750 3532 tauriclia
860 3483 894 3531 10
914 3477 1052 3533 aiauertIt
1071 3479 1098 3532 P

119 3555 152 3604 12
172 3549 240 3622 qno]
263 3550 312 3620 qui
331 3550 361 3603 P
431 3556 462 3604 14
481 3549 600 3622 garriat]
621 3549 711 3603 cariat
731 3549 778 3619 ΡΙ
798 3552 942 3604 coercetur
962 3549 991 3602 P

189 3656 241 3711 XX
262 3662 275 3709 1
296 3672 345 3710 om.
360 3656 389 3710 P
447 3656 612 3726 eresippus
632 3657 661 3723 (i.
681 3655 834 3727 eteaippus)
853 3656 881 3710 P
895 3673 966 3711 corr.
981 3656 1127 3711 Accusatus

117 3726 357 3782 Ithacolimenus
376 3726 404 3779 P
472 3732 577 3797 taput
595 3727 632 3780 P·
653 3728 658 3796 Ι
683 3732 798 3797 exparte
822 3727 850 3781 P
875 3744 944 3782 corr.
963 3726 1056 3782 Parta.
1085 3741 1127 3779 ex·

117 3800 214 3869 pertus
233 3798 375 3853 Aesontius
447 3798 652 3853 toauilatione
670 3799 698 3853 P
768 3797 926 3852 tderrisus
944 3797 984 3851 P·
