2430 4274
518 527 760 593 -170-

130 690 176 757 ut
198 692 343 757 correcte
365 688 472 774 magis
495 708 592 772 quum
615 685 830 752 condemnata
852 685 991 771 nocebo,
1113 702 1145 753 15

175 777 329 863 Adponeb
352 777 439 843 docti
461 797 544 862 quee
567 774 648 839 mihi
669 775 749 839 lime
771 775 843 840 uiri.

130 866 261 933 Interea
284 865 411 933 arbitrii
435 865 599 931 subiburus
622 863 767 947 pondere
788 865 876 929 tanti

175 953 319 1042 Opbebo,
342 959 379 1021 ub
400 955 562 1039 placeam:
586 953 615 1018 si
638 953 760 1037 minus,
783 955 820 1019 ub
842 953 974 1022 lateam.

77 1163 173 1219 uteo
566 1145 766 1201 Puouoovs.

131 1273 264 1359 Septem
288 1274 463 1358 sepientes,
485 1295 604 1339 nomen
627 1273 744 1357 quibus
767 1273 855 1340 istud
878 1272 965 1339 dedii

130 1361 285 1448 Superior
309 1366 398 1428 uetes
421 1384 480 1427 nec
504 1366 617 1429 secuie
639 1362 786 1445 sustulit,

130 1450 237 1517 Hodie
260 1451 296 1516 in
319 1450 518 1516 orchestram
541 1451 669 1535 palliati
692 1451 860 1535 prodeunb

131 1538 215 1617 Quid
238 1539 400 1606 erubescis
423 1545 474 1624 tu,
497 1542 610 1625 togate
633 1538 785 1623 Romule,

131 1625 289 1695 Scaeuam
313 1627 398 1713 quod
421 1629 603 1695 introibunt
625 1632 694 1694 bem
717 1629 798 1694 clari
821 1629 905 1695 uiri?

131 1712 237 1783 Nobis
260 1718 444 1802 pudendum
467 1717 543 1798 hoo,
565 1739 632 1783 nou
656 1723 689 1783 et
711 1716 831 1784 Atticis
855 1739 995 1803 quoque:

131 1804 256 1883 Quibus
279 1806 442 1873 iheebrum
466 1807 574 1872 curiae
596 1806 731 1893 praebet
753 1807 866 1873 uicem.

131 1890 262 1960 Nostris
284 1897 414 1981 negotis
439 1916 498 1961 sue
519 1896 593 1960 loce
615 1896 733 1960 sortito
758 1895 848 1960 dcte:

132 1979 274 2068 Campus
298 1984 452 2067 comitiis,
475 1988 513 2048 ub
536 1984 730 2067 conscriptis
753 1984 854 2068 curie,

131 2068 251 2136 Forum
275 2075 372 2156 etque
394 2075 502 2137 rostro
525 2073 728 2156 separatius
752 2073 880 2138 ciuium.

131 2156 206 2225 Vns
229 2162 279 2224 est
301 2159 442 2225 Athenis
464 2163 562 2246 obque
586 2161 620 2225 in
644 2160 734 2225 omni
757 2159 893 2226 Graecia

130 2247 183 2312 Ad
206 2247 438 2314 consulendum
460 2248 584 2333 publici
607 2248 699 2313 sedes
724 2250 800 2334 loci,

131 2334 236 2413 Quem
259 2337 294 2402 in
317 2337 396 2402 urbe
418 2341 532 2402 nostre
555 2359 628 2403 sero
651 2337 745 2403 luxus
769 2338 922 2405 condidii.

131 2425 258 2492 Aedilis
282 2426 362 2492 olim
387 2448 537 2492 scaenam
558 2427 743 2491 tabulatam
768 2427 868 2493 dabat

131 2511 249 2581 Subito
272 2516 445 2581 excitatem
471 2516 561 2581 nulle
584 2516 671 2580 mole
694 2536 798 2580 sexes

131 2601 267 2670 Murena
290 2605 336 2670 sic
360 2610 393 2670 ei
417 2604 558 2671 Gellius:
581 2607 661 2669 nobe
684 2604 826 2688 eloquar.

131 2728 345 2739 ————-.

202 2801 236 2849 33
252 2812 291 2862 sq.
312 2795 347 2850 cf.
367 2794 447 2851 Corn.
467 2797 509 2850 Ne
531 2812 562 2851 os
580 2796 667 2865 praef.
688 2801 703 2851 b

202 2870 236 2919 33
256 2864 296 2918 ef.
317 2867 382 2920 Tac.
402 2867 435 2920 A.
454 2865 492 2920 Xl
551 2871 586 2921 30

202 2941 238 2990 34
255 2934 386 3018 Murena]
404 2934 500 2992 Cicero
518 2953 569 3007 pro
584 2936 701 2993 Murena
718 2955 742 2994 c.
759 2944 792 2994 13
811 2942 856 3009 (33
871 2940 952 3009 sqq.).
981 2939 1054 2996 Plin.
1073 2958 1099 2995 n.
1118 2940 1147 2993 b

131 3003 248 3060 XXXIII
258 3009 292 3062 53
313 3005 433 3078 Gellius]
449 3006 484 3062 cl.
495 3005 633 3064 Asconius
647 3009 678 3063 in
687 3012 758 3066 oreb.
768 3010 797 3066 iu
807 3014 876 3082 boga
885 3010 1007 3067 candidu
1014 3030 1042 3083 p.
1054 3016 1089 3067 88
1100 3010 1147 3067 Or.

204 3191 236 3240 16
251 3183 386 3256 adponet]
403 3183 428 3238 V
442 3187 447 3254 Ι
463 3183 530 3240 mici
548 3186 575 3239 V
586 3186 673 3243 michi
687 3189 715 3243 P
768 3193 800 3242 17
816 3189 912 3245 subiici
926 3193 984 3260 (rus
998 3190 1035 3246 ol.
1049 3192 1149 3262 usurp.)

130 3254 175 3325 ΡΙ
191 3256 314 3326 pondere
338 3256 376 3310 V¹
444 3262 477 3312 13
497 3257 601 3313 obiebo
625 3259 663 3314 Vl
731 3266 764 3315 19
782 3259 854 3316 istud
872 3262 908 3317 cl.
927 3277 997 3318 com.
1023 3261 1050 3316 V
1114 3267 1150 3316 30

130 3379 182 3418 neo
206 3365 303 3419 secute
321 3381 372 3431 uec
392 3364 420 3418 P
502 3369 534 3418 21
555 3343 677 3436 bodieci
703 3366 727 3420 V
747 3366 831 3422 hodie
850 3383 939 3440 queq3
964 3367 991 3422 V
1008 3383 1078 3424 corr.
1098 3367 1149 3423 Pi-

130 3450 224 3507 troeus
239 3450 244 3521 ι
260 3451 289 3505 in
308 3451 425 3507 omues
445 3453 517 3508 rin
534 3452 625 3509 hortis
644 3455 704 3510 cam
722 3455 751 3509 Ρ
820 3460 854 3511 22
873 3442 983 3512 iilius
1008 3456 1035 3510 V
1113 3460 1149 3511 cs

131 3522 276 3594 secenum]
302 3523 328 3576 V
350 3524 354 3595 Ι
380 3522 531 3579 introimnb
554 3524 581 3578 V
660 3532 695 3582 24
713 3543 770 3581 non
788 3543 838 3583 om.
864 3526 892 3580 V
974 3534 1009 3584 33
1027 3526 1151 3599 negotiis

136 3593 196 3648 VP
212 3609 320 3663 comp
392 3595 611 3652 recensoribus
635 3596 662 3650 V
731 3602 765 3652 33
785 3598 877 3668 adque
900 3598 936 3652 V¹
952 3600 1087 3725 peperat
1105 3597 1150 3654 ius

131 3663 254 3735 Scoliw
263 3667 319 3732 2,1
339 3666 476 3734 separetis
495 3666 552 3722 VP
602 3673 637 3723 33
656 3668 692 3723 ed
712 3685 748 3724 ue
764 3669 821 3738 V¹l
843 3669 938 3724 omine
992 3667 1152 3741 {grecieV

185 3740 220 3790 30
237 3736 345 3804 publici
363 3738 437 3792 sedis
452 3738 479 3793 V
494 3737 616 3809 publicis
630 3737 692 3794 edis
745 3755 815 3797 corr.
834 3740 962 3812 qulctue
1015 3746 1049 3797 31
1064 3757 1150 3811 quem

132 3805 161 3888 1?
240 3812 274 3862 33
294 3809 437 3880 secenum]
463 3808 490 3862 V
566 3815 600 3864 33
619 3810 766 3867 efflictum
785 3813 856 3880 (bem
873 3813 906 3868 In
923 3814 990 3881 ros.)
1012 3811 1041 3865 V
1114 3818 1151 3868 34

131 3879 169 3933 sib
188 3876 229 3931 P·
244 3881 249 3949 Ι
265 3879 368 3949 gallico
393 3880 419 3933 V
434 3879 475 3947 (ro
493 3879 538 3937 cel
556 3881 585 3935 iu
604 3887 653 3937 out
670 3883 703 3937 ἐκ
721 3899 776 3938 rae.
796 3889 847 3941 out
863 3885 895 3939 in
913 3883 1024 3940 moceria
1040 3885 1105 3954 ece.)
