2430 4274
485 595 522 606 -
571 559 723 624 395-

94 716 263 801 gationem
286 716 384 782 diluit
402 739 526 784 somno.
558 717 614 782 sed
638 738 711 783 cum
729 716 824 802 uirgo
843 716 1020 804 Nausicaa,
1042 719 1111 784 filia

95 804 183 890 regis
199 804 343 888 Alcinoi,
361 805 473 871 ludum
493 807 527 870 in
547 810 620 871 acta
639 828 712 871 cum
731 807 919 890 aequalibus
938 812 1109 892 exerceret,
1129 825 1145 874 o

95 914 209 959 somno
234 894 406 978 excitatus,
429 898 466 959 ut
489 898 559 959 erat
581 893 703 978 nudus,
731 895 852 980 erupit,
878 895 1032 961 foliorum
1055 918 1109 980 op·

94 981 207 1067 positu
230 981 381 1066 pudenda
403 984 541 1049 uelatus.
578 986 611 1048 et
632 1004 704 1049 cum
723 982 859 1067 supplex
878 1002 983 1067 genua
1001 985 1110 1070 regiae

93 1069 235 1156 uirginis
258 1069 499 1154 aduolueretur,
522 1069 688 1137 Mineruae
711 1071 868 1136 instinctu
891 1072 996 1137 mouit
1016 1074 1111 1137 mise·

95 1158 270 1223 ricordiam
302 1161 479 1225 salutarem
512 1161 747 1245 impositusque
778 1163 932 1244 carpento
961 1164 994 1226 et
1021 1165 1111 1225 ueste

96 1248 237 1312 donatus
256 1269 358 1333 usque
377 1248 416 1314 ad
435 1249 593 1333 templum
606 1248 784 1332 Mineruae,
803 1249 888 1333 quod
907 1252 982 1314 ante
996 1249 1110 1314 urbem
1131 1267 1164 1316 10

96 1341 160 1419 est,
184 1336 339 1402 suadente
357 1337 496 1422 uirginis
514 1337 651 1421 pudore,
674 1337 866 1422 prouehitur
885 1337 995 1422 ibique
1017 1338 1110 1404 fami·

94 1424 177 1489 liare
201 1423 264 1490 sibi
287 1447 407 1492 numen
431 1426 530 1491 solita
551 1426 737 1510 precatione
759 1429 942 1492 ueneratur.

571 1616 632 1671 VII.

234 1715 284 1785 “aa
302 1718 317 1778 ὁ
338 1719 389 1792 μὲν
409 1719 476 1778 ἔνθ’
495 1718 584 1792 ἠρᾶτο
602 1719 742 1786 πολύτλας
759 1725 820 1786 δῖος
835 1718 1006 1794 Ὀδυσσεύς)

272 1795 321 1848 bat
340 1809 456 1873 superos
475 1793 579 1848 dudum
599 1793 712 1849 mertia
729 1795 833 1863 proles.

164 1917 312 1985 Minerua
329 1920 456 2004 puellae
476 1920 616 2005 speciem
635 1923 797 2004 mutuata,
820 1919 952 1984 Vlixem
971 1918 1111 2004 primum

95 2010 131 2073 in
160 2007 329 2092 oppidum,
356 2030 432 2073 mox
460 2009 495 2073 in
523 2009 653 2073 domum
682 2009 807 2093 regiam
835 2008 933 2074 ducit.
976 2029 1111 2092 cumque

97 2097 198 2162 Arete
226 2118 308 2162 uxor
330 2096 461 2162 Alcinoi
490 2101 522 2161 et
544 2097 629 2162 unde
656 2102 781 2163 uestem
809 2096 945 2162 haberet
968 2099 1002 2161 et
1025 2097 1146 2164 cuiast

97 2188 194 2251 essct>
207 2188 241 2249 et
259 2206 322 2269 qua
342 2189 429 2251 sorte
448 2186 591 2268 delatus,
615 2208 762 2251 sermone
781 2187 884 2271 ipsius
904 2186 1112 2270 conperisset,

98 2274 220 2339 bonnm
249 2273 394 2338 animum
422 2273 542 2338 habere
570 2274 676 2339 iussus
701 2275 855 2339 suadente
879 2295 1015 2360 uespera
1038 2294 1111 2338 con-

101 2362 188 2428 cedit
210 2362 320 2446 quieti.

568 2536 642 2590 VIII.

234 2633 341 2712 (Ἦμος
359 2636 389 2696 d'
409 2637 554 2712 ἠριγένεια
573 2638 651 2711 φάνη
672 2638 880 2711 ῥοδοδάκτυλος
897 2635 976 2712 eicie>

233 2712 293 2767 Iam
313 2713 420 2768 caelum
439 2713 538 2768 rutilat
556 2712 642 2768 roseis
660 2714 768 2767 Aurora
786 2711 939 2781 quadrigis.

167 2840 325 2905 Alcinous
365 2841 587 2924 nauigationis
624 2861 810 2904 aerumnam
848 2837 1036 2903 summatim
1072 2836 1113 2901 ab

99 2927 196 2993 Vlixe
223 2929 400 3013 cognoscit
437 2928 549 2993 exinde
577 2929 674 2994 iussis
702 2927 900 3014 primoribus
928 2927 963 2991 in
991 2926 1114 2992 curiam

100 3017 288 3096 conuenire,
321 3017 496 3082 aduentum
529 3017 667 3102 hospitis
701 3020 734 3081 et
765 3015 943 3082 infortunia
969 3014 1149 3081 diutinaee

99 3105 287 3170 iactationis
318 3106 482 3190 explanat.
528 3106 694 3191 accitoque
725 3105 766 3170 ad
797 3104 982 3171 conuiuium
1009 3102 1115 3186 Vlixe,

100 3192 260 3259 citharam
280 3193 371 3259 iubet
388 3195 518 3278 pulsare
537 3193 772 3260 Demodocum:
792 3195 846 3279 qui
866 3215 937 3258 cum
957 3192 996 3255 de
1011 3189 1114 3256 Durio

100 3303 185 3366 equo
218 3286 252 3346 et
283 3282 324 3347 de
350 3281 466 3348 Troico
499 3286 647 3348 cantaret
678 3282 814 3363 excidio,
846 3281 998 3346 lacrimas
1026 3279 1115 3344 Vlixi

101 3412 311 3422 a—————-

174 3456 320 3525 talcynoi
334 3454 363 3510 P
413 3462 565 3526 6sompno
582 3455 609 3508 P
624 3458 628 3522 Ι
643 3455 807 3510 foloriorum
829 3452 857 3507 P
910 3453 1043 3523 ’lsuplex
1064 3453 1114 3523 Pl

100 3526 138 3580 ad
156 3542 250 3596 genua
273 3526 399 3598 Vpolctus
462 3527 697 3582 8aduolneretur
716 3525 744 3580 P
802 3531 834 3579 11
855 3524 1018 3594 peruehitcr
1036 3525 1076 3579 P·

102 3602 136 3651 12
155 3596 263 3667 uolitat
276 3597 361 3652 solita
379 3598 407 3652 P

174 3683 227 3738 VII
245 3690 261 3737 2
281 3684 401 3741 lacertis
420 3685 448 3738 P
500 3691 516 3739 3
535 3685 565 3740 in
582 3704 610 3755 p.
630 3702 651 3739 s.
671 3686 781 3739 munta
801 3684 929 3753 quzetcs
983 3688 999 3737 ὁ
1018 3680 1115 3752 Arete]

101 3772 187 3824 aroge
207 3756 254 3824 ΡΙ
277 3755 378 3811 altinoi
399 3755 457 3823 Ρ·1
477 3755 581 3809 habere
600 3758 630 3809 et
648 3755 693 3822 Pl
710 3753 754 3808 cni
791 3755 903 3809 adesset
919 3752 947 3805 P
964 3751 1027 3806 cuia
1044 3753 1118 3806 esset

105 3825 236 3897 Vpotetus
258 3825 335 3881 cuias
353 3826 506 3881 Accusatus
577 3831 668 3894 equa
686 3825 757 3879 sorte
777 3824 805 3878 P
873 3830 888 3878 7
909 3821 1031 3877 concidit
1049 3820 1077 3874 P

175 3911 241 3969 VIII
265 3917 280 3966 7
300 3915 444 3983 cytharam
462 3913 513 3981 ΡΙ
538 3911 684 3967 ἀοιοδοωο
705 3912 755 3981 1³1
780 3910 861 3966 dorio
880 3911 908 3965 P
