2430 4274
501 531 743 599 ..308-

118 693 283 779 Morigera
306 696 339 758 et
361 692 501 758 coniunx
523 713 661 776 caraque
684 713 724 757 ex
747 692 883 777 coniuge
906 690 988 758 nati
1071 766 1076 775 ¹

118 781 266 848 Moribus
289 782 371 848 haec
393 780 493 847 castis
515 781 631 846 tribuit
653 780 747 846 deus:
770 779 805 845 hi
828 779 893 845 sibi
915 801 1024 846 mores

118 875 313 957 Perpetuam
336 870 500 954 spondent
522 873 660 935 uentura
682 869 717 934 in
739 869 869 935 saecula
890 870 1003 935 uitam.

65 1080 172 1125 xxxm
187 1082 288 1132 [raum
301 1084 357 1132 aa]
414 1065 608 1148 <anvarnus
632 1064 831 1147 eusimio).

185 1207 328 1273 Domino
358 1205 475 1272 merito
504 1205 709 1290 suspiciendo
733 1203 880 1271 Gestidio
905 1205 1069 1273 Paulinus.

118 1330 242 1397 Iniuria
273 1329 404 1414 quidem
437 1333 488 1394 est
518 1331 606 1414 patri
632 1329 775 1395 familias
808 1330 980 1395 maritimis
1012 1330 1133 1395 deliciis

119 1419 299 1487 abundanti
327 1422 492 1483 terrenum
519 1417 642 1502 aliquid
670 1421 703 1482 et
726 1421 855 1503 agreste
877 1419 1050 1502 praebere3
1081 1417 1135 1483 sed

120 1528 194 1592 ego,
216 1511 254 1571 ut
277 1509 310 1571 et
331 1528 430 1572 cansa
453 1505 535 1571 mihi
558 1510 645 1571 esset
668 1510 748 1591 aput
771 1507 1021 1573 unanimitatem
1044 1512 1135 1572 tuam

119 1595 242 1681 aliquid
260 1595 474 1680 conloquendi
493 1598 526 1660 et
544 1595 674 1679 aliquod
693 1596 835 1661 sermoni
853 1595 929 1661 huic
944 1596 1135 1680 obsequium
1151 1616 1164 1664 o

118 1685 246 1750 uiderer
265 1684 456 1770 adiungere,
479 1683 633 1768 pauculas
657 1683 697 1748 de
720 1684 935 1768 paucissimis,
959 1706 1042 1770 quas
1060 1706 1136 1770 pue·

118 1774 183 1839 ruli
219 1793 353 1858 uespere
385 1771 541 1855 inferunt,
572 1771 725 1837 ficedulas
758 1772 843 1838 misi.
890 1795 1029 1858 quarum
1064 1794 1135 1838 cum

119 1862 342 1928 erubescerem
364 1861 578 1947 paucitatem,
601 1861 696 1944 plura
719 1861 820 1927 etiam
843 1862 1013 1928 uersiculis
1036 1862 1136 1927 uerba

119 1950 283 2032 subtexui,
316 1949 411 2036 quasi
442 1970 519 2015 uero
551 1970 721 2014 numerum
753 1950 953 2035 loquacitate
981 1950 1136 2016 facturus.

121 2039 179 2103 sed
203 2038 279 2122 quia
301 2040 438 2122 utraque
461 2037 635 2121 culpabilia
659 2041 747 2121 sunt,
770 2043 807 2103 tu
825 2040 971 2124 utrisque
995 2039 1135 2126 benigne
1152 2057 1177 2106 ιο

120 2148 159 2193 ac
190 2126 395 2191 familiariter
424 2127 622 2212 ignoscendo
649 2126 763 2206 facies,
794 2130 832 2191 ut
864 2149 924 2193 nec
956 2127 1133 2193 inhumana

119 2215 268 2281 uideatur
289 2214 437 2301 paucitas
461 2236 519 2280 nec
542 2216 654 2281 odiosa
677 2216 862 2302 garrulitas.

120 2338 218 2406 Sume
241 2338 344 2424 igitur
366 2343 479 2423 pastas
502 2339 637 2405 dumoso
661 2340 695 2403 in
718 2361 792 2405 rure
815 2339 979 2422 uolucres,

120 2427 209 2505 Quas
232 2428 368 2493 latitans
393 2428 489 2493 filicis
513 2429 573 2493 sub
596 2427 742 2511 tegmine
765 2428 903 2493 callidus
927 2448 1061 2514 auceps,

119 2516 207 2583 Dum
230 2516 330 2582 simili
352 2517 508 2582 mentitur
532 2538 607 2582 aues
631 2516 780 2601 fallitque
803 2537 952 2601 susurro,

119 2606 266 2693 Agmina
287 2606 421 2671 uiscatis
446 2604 615 2689 suspendit
637 2604 767 2670 credula
789 2605 902 2690 uirgis.

119 2694 210 2760 Tunc
232 2693 376 2760 referens
400 2699 530 2760 tenuem
553 2715 620 2758 non
641 2715 744 2778 paruo
768 2715 900 2759 munere
923 2694 1080 2778 praedam
1118 2709 1133 2760 o

119 2778 251 2869 Digerit
274 2783 448 2866 aucupium
472 2782 606 2848 tabulis:
631 2787 664 2848 et
686 2782 810 2866 primus
834 2782 953 2867 opimis

119 2870 208 2937 Ordo
231 2871 327 2955 nitet,
351 2871 471 2936 sensim
493 2876 647 2936 tenuatus
671 2871 713 2936 ad
734 2872 802 2935 ima
824 2870 975 2937 tabellae.

120 2958 167 3024 Vt
190 2958 297 3023 minus
320 2957 463 3026 offendat
485 2959 620 3044 macies,
642 2960 789 3045 praelata
812 2960 946 3045 saginae

120 3045 236 3113 Gratia
258 3050 451 3129 praeuentos
474 3048 589 3134 pingui
613 3049 705 3113 iuuat
728 3048 806 3114 alite
829 3050 927 3115 uisus.

192 3297 225 3347 1⁵1
244 3250 328 3347 00er
347 3295 377 3346 Π
403 3295 408 3362 Ι
438 3293 556 3363 adiunge
581 3293 616 3346 V¹
690 3299 722 3349 18
743 3291 788 3348 his
806 3292 846 3347 ibi
866 3296 897 3347 Π
969 3299 1003 3350 le
1021 3289 1137 3351 scl’aV

120 3363 215 3419 secula
233 3365 264 3417 Π
286 3366 291 3432 Ι
315 3382 415 3419 morem
434 3383 530 3421 emmo
549 3365 593 3419 adr
612 3383 708 3420 avsour
726 3366 757 3418 Π

73 3453 103 3507 V
195 3451 312 3507 XXXIII
331 3460 344 3508 1
361 3471 497 3510 mmmmm
513 3470 656 3528 marciae
670 3453 712 3509 edi
726 3471 833 3508 rammi
848 3455 854 3522 Ι
869 3471 972 3510 nonme
985 3458 1034 3568 ᾖ.
1053 3454 1135 3510 mia

119 3576 197 3634 nuos
216 3579 268 3634 lia.
287 3579 353 3634 min.
371 3593 422 3634 scr.
448 3577 475 3633 V
544 3579 759 3634 lhabundanti
783 3578 809 3632 V
880 3578 1019 3647 aaliqms
1043 3578 1071 3634 V

121 3683 304 3822 raceuuiap
321 3682 459 3738 fmetulas
479 3685 506 3752 (a
523 3701 568 3751 a„
587 3685 606 3739 u
624 3686 656 3740 a
673 3687 697 3755 a)
719 3683 757 3740 ν’
782 3688 786 3754 l
811 3660 870 3755 lut
888 3690 915 3754 (ο
933 3686 981 3755 u.)
1007 3685 1034 3739 V
1105 3689 1135 3738 la

120 3752 271 3825 uidealltur
304 3770 323 3807 n
340 3756 427 3822 craso)
451 3753 478 3809 V
548 3754 672 3812 18ume
694 3758 761 3812 min.
787 3757 813 3812 V
839 3762 843 3823 Ι
872 3755 946 3829 mlra
1048 3756 1101 3813 tiu.
1118 3772 1138 3810 u

120 3822 458 3882 mucidumtcruaamV
508 3824 717 3911 btiapdamV
768 3828 928 3902 stabellae
1022 3832 1078 3898 tp

120 3897 181 3951 lata
203 3894 231 3951 V
299 3899 515 3971 bprapuentos:
535 3845 588 3956 iic.
607 3915 624 3954 o
643 3899 775 3967 dimidiu,
795 3916 808 3952 s
826 3915 907 3957 mur.
932 3898 977 3968 Vl
1000 3899 1082 3955 iubat
