2430 4274
365 31 1209 295 ffi-

547 511 762 576 -62..

95 685 152 735 [roo]
194 663 268 719 XIII.
298 663 442 722 CITARIO
462 665 591 721 SICVLO
611 664 855 724 SYRACVSANO
875 666 1123 727 GRAMMATICO

431 744 705 801 BVRDIGALENSI
724 745 879 805 GRAECO.

147 836 204 916 ut,
228 834 331 902 Citari
354 835 485 920 dilecte,
508 836 590 902 mibi
613 838 849 923 memorabere,
871 837 990 925 dignus

163 936 174 956 ·
192 923 433 991 Grammaticos
455 925 541 990 inter
564 926 620 1010 qui
643 926 803 992 celebrere
826 927 940 992 bonos.

146 1013 244 1079 Esset
268 1013 450 1079 Aristarchi
472 1013 535 1079 tibi
557 1015 664 1099 gloria
687 1013 907 1100 Zenodotique

190 1101 378 1186 Graiorum,
403 1102 555 1186 antiquus
580 1102 608 1167 si
632 1106 821 1188 sequeretur
842 1103 956 1171 honos.

146 1188 362 1275 Carminibus,
386 1212 469 1274 quae
492 1192 599 1275 prima
620 1192 686 1256 tuis
711 1197 788 1257 sunt
811 1192 942 1258 condita
963 1194 999 1259 in
1023 1196 1164 1281 anniso

191 1277 348 1345 Concedit
371 1276 429 1344 Cei
451 1300 546 1344 musa
568 1276 756 1346 Simonidei.

145 1365 235 1432 Vrbe
259 1371 349 1432 satus
374 1365 484 1432 Sicula
505 1371 653 1433 nostram
675 1368 865 1454 peregrinus
889 1369 1001 1456 adisti,

189 1455 362 1521 Excultam
386 1455 502 1521 studiis
525 1478 782 1541 quampropere
806 1457 961 1525 edideras.

145 1541 342 1632 Coniugium
365 1548 504 1610 nanctus
528 1546 592 1611 cito
615 1545 735 1611 nobilis
759 1549 793 1610 et
815 1547 1002 1633 locupletis,

187 1632 317 1698 Inuidia
339 1633 401 1698 fati
422 1655 490 1699 non
512 1633 643 1720 genitor
664 1635 809 1700 moreris.
1126 1656 1161 1705 ιο

144 1723 190 1787 At
212 1745 274 1790 nos
297 1721 485 1788 defunctum
509 1723 646 1788 memori
669 1723 870 1789 celebramus
893 1723 1032 1812 honore,
1058 1737 1061 1745 '

187 1811 343 1877 Fouimus
367 1815 404 1876 ut
426 1811 537 1877 uiuum
560 1833 694 1877 munere
717 1811 888 1878 amicitiae.

92 1967 151 2016 [aot]
252 1949 339 2004 XIIII.
368 1947 548 2005 CENSORIO
567 1949 701 2005 ATTICO
722 1948 869 2005 AGRICIO
887 1950 1063 2009 RHETORI.

143 2037 277 2124 Eloquii
300 2042 418 2105 merito
441 2040 555 2124 primis
580 2040 759 2126 aequande,
782 2042 888 2126 fuisti,

187 2128 314 2213 Agriei,
336 2129 462 2212 positus
485 2129 665 2213 posteriore
688 2130 774 2195 loco:

143 2216 234 2281 Aeuo
261 2217 494 2301 quiquoniam
518 2218 647 2302 genitus
670 2216 864 2302 functusque
887 2220 1025 2304 recenti,

186 2305 318 2370 Dilatus
341 2305 450 2389 nobis,
473 2326 540 2369 non
564 2310 596 2370 et
620 2305 760 2372 omissus
783 2329 865 2373 eras.

142 2393 350 2479 Quocumque
373 2394 408 2458 in
429 2415 578 2479 numero,
600 2395 690 2458 tristi
713 2396 935 2461 memorabere
958 2397 1091 2463 threno:
1142 2415 1158 2465 5

186 2481 280 2549 Vnus
303 2483 407 2548 honos
430 2484 561 2566 tumuli,
584 2505 673 2548 serus
698 2488 731 2548 et
753 2487 830 2548 ante
853 2485 957 2550 datus.

141 2572 223 2637 Tam
247 2572 374 2659 generis
397 2573 459 2637 tibi
481 2573 586 2637 celsus
609 2593 705 2656 apex,
728 2594 826 2657 quum
849 2573 955 2659 gloria
976 2573 1081 2660 fandi,

186 2660 300 2726 Gloria
322 2661 484 2727 Athenaei
508 2661 641 2745 cognita
664 2660 739 2725 sede
762 2661 835 2728 loci
946 2681 950 2688 ·

142 2745 282 2814 Nazario
306 2753 340 2814 et
362 2750 449 2814 claro
473 2749 636 2833 quondam
659 2749 768 2814 delata
791 2748 928 2816 Paterae

183 2836 326 2922 Egregie
349 2837 470 2902 multos
494 2837 636 2904 excoluit
656 2838 798 2903 iuuenes.
1121 2856 1156 2906 10

140 2923 286 3010 Coniuge
309 2946 395 2990 nunc
416 2926 565 3012 natisque
590 2926 820 3011 superstitibus
844 2946 1028 3012 generoque

183 3012 346 3078 Maiorum
367 3036 481 3079 manes
505 3020 538 3080 et
560 3018 770 3081 monumenta
792 3014 896 3080 foues.

210 3151 276 3205 XIII
299 3170 461 3207 srurcvsauo
479 3172 633 3208 americo
651 3172 785 3209 asamona
805 3173 888 3208 casco
910 3152 938 3209 V
1025 3160 1039 3209 1
1063 3153 1155 3225 oipari

144 3222 312 3291 Vldelecte
337 3223 372 3278 V¹
444 3226 588 3279 2ceclare
613 3225 639 3278 V
654 3241 724 3279 corr.
743 3224 874 3295 Lupdan.
947 3224 1157 3280 4GrauiorV

137 3343 207 3384 corr.
226 3329 364 3399 coropm
381 3330 474 3400 graios
492 3329 607 3385 aanor
622 3331 627 3399 l
643 3328 757 3399 antiqua
779 3330 806 3384 V
875 3337 891 3386 s
915 3307 973 3385 sule
997 3330 1041 3400 Vl
1057 3330 1152 3404 mna]

138 3400 212 3455 arnis
230 3400 371 3456 Baehrens
424 3407 440 3455 6
456 3418 511 3457 eeu
530 3403 574 3470 (ec
592 3401 636 3455 cai
652 3402 689 3456 ol.
703 3402 770 3468 m’f.
785 3403 866 3472 corr.)
885 3401 912 3455 V
922 3417 991 3457 corr.
1008 3401 1155 3458 Palmam

173 3475 189 3524 8
204 3488 290 3541 prope
300 3471 461 3526 reddideras
477 3472 503 3525 V
513 3488 581 3527 corr.
594 3471 745 3528 Mommsen
757 3479 782 3527 st
793 3473 934 3539 Baehrens
978 3476 1121 3528 tnaetusr
1136 3489 1156 3527 a

137 3575 170 3613 ex
185 3576 200 3614 o
215 3561 430 3626 ueluol.,col.
446 3560 473 3614 V
525 3567 559 3615 10
573 3561 602 3615 in
616 3550 694 3616 uidit.¹
708 3560 814 3616 Voorr.
828 3561 961 3631 Lacydon.
998 3632 1000 3636 λ
1017 3566 1050 3615 11
1065 3559 1103 3616 ad
1117 3559 1153 3614 V¹

208 3647 286 3701 XIlIl
304 3667 400 3702 annom
418 3647 445 3703 V
509 3655 524 3703 2
544 3650 692 3719 posteriori
710 3648 737 3704 V
751 3665 820 3705 corr.
835 3650 967 3732 Isuqum.
1036 3648 1156 3705 baEuo

137 3719 165 3784 (a
184 3724 247 3773 ante
265 3722 386 3787 uersam)
405 3719 431 3771 V
501 3725 517 3774 6
537 3721 622 3774 hon⁰s
641 3721 668 3775 V
735 3725 752 3774 8
771 3720 906 3792 athenlerz
924 3739 945 3775 n
962 3736 997 3775 ea·
1015 3737 1052 3791 m,
1072 3737 1091 3775 a
1108 3721 1156 3777 uel

136 3789 152 3913 i1
154 3789 320 3930 oerggiegiab
329 3795 394 3912 φοβεῦ
410 3791 436 3845 lc.
455 3806 483 3845 a.
503 3793 634 3846 eccidssse
656 3792 793 3849 distichoa
812 3793 944 3862 opiuotar
962 3790 1082 3848 Schenkl
