2430 4274
544 525 763 591 „12-

213 686 355 772 Propere
378 708 435 770 per
459 685 554 751 aedes
578 706 669 750 curre
692 682 829 761 uicinas,
852 704 941 767 puer.

215 775 285 842 Seis
308 778 392 860 ipse,
416 775 472 859 qui
495 775 574 839 siut:
598 773 728 857 iamque
750 772 828 837 dum
850 772 981 857 loquor,
1003 772 1083 840 redi.
1125 793 1165 833 aa

216 864 364 949 Quinque
388 863 558 947 aduocaui3
583 884 638 927 sex
662 861 748 926 enim
772 861 957 927 conuiuium
1150 880 1165 929 5

215 950 298 1018 Cum
321 974 398 1039 rege
421 954 557 1017 iustum:
581 952 607 1016 si
632 972 742 1034 super,
765 949 948 1015 conuiuium
971 955 1031 1016 est.

216 1042 322 1126 Abiit3
346 1041 452 1108 relicti
474 1063 534 1105 nos
558 1061 667 1105 sumus
692 1062 764 1105 eum
789 1036 891 1105 Sosia.

95 1271 129 1312 Ἦ
143 1272 201 1322 [¹⁵⁰]
412 1266 529 1323 Locvs
549 1266 756 1322 ORDINANDI
775 1265 894 1331 OOQVI.

150 1394 258 1474 Sosia,
282 1396 502 1481 prandendum
526 1399 584 1460 est.
621 1399 771 1479 quartam
790 1393 857 1458 iam
875 1397 966 1460 totus
989 1394 1025 1458 in
1047 1395 1164 1461 horam

147 1495 154 1508 ·
195 1483 251 1549 Sol
274 1486 372 1551 ealet:
396 1485 436 1550 ad
460 1484 607 1570 quintam
631 1483 774 1549 flectitur
795 1483 911 1548 umbra
933 1487 1057 1549 notam.
1124 1502 1165 1541 ιω

149 1575 203 1639 An
226 1578 344 1660 uegeto
368 1574 521 1639 madeant
543 1572 674 1638 condita
697 1571 833 1656 opsonia
855 1576 955 1657 gustu

195 1661 336 1750 (Fallere
358 1685 496 1748 namque
520 1659 654 1750 solent),
677 1661 873 1745 experiundo
897 1661 1008 1744 proba.

150 1750 294 1818 Oeneute
316 1752 480 1818 feruentes
504 1753 621 1836 palmis
644 1750 850 1817 uoluentibus
875 1750 971 1833 ollas,
1147 1767 1163 1814 5

194 1840 321 1927 Tingue
345 1842 428 1906 celer
451 1841 571 1928 digitos
595 1841 664 1905 iure
687 1840 810 1904 calante
832 1842 948 1929 tuos:—

151 1929 304 1994 Vibranti
327 1931 453 1995 lambat
475 1951 556 2014 quos
580 1930 690 1994 umida
712 1927 824 2014 lingua
846 1948 978 1992 recursu
1124 1945 1163 1985 1⁵⁵

584 2058 727 2095 *ἤ*

95 2244 206 2296 unlus]
231 2243 283 2314 [IN
301 2241 495 2299 NOTARIUM
513 2244 553 2298 IN
572 2242 776 2299 SCRIBENDO
795 2241 1092 2314 vnnoclssinum.

362 2370 459 2451 Puer,
481 2375 634 2436 notarum
657 2376 846 2454 praepetum

362 2459 483 2525 Sollers
506 2460 667 2542 minister,
691 2460 818 2524 aduola.

361 2549 519 2635 Bipatens
543 2549 684 2634 pugillar
707 2548 833 2633 expedi,

363 2636 423 2703 Cui
446 2640 552 2703 multa
574 2637 664 2702 fandi
688 2638 796 2722 eopia,

360 2727 494 2790 Punetis
517 2730 650 2810 peraeta
673 2727 823 2812 singulis,

360 2812 408 2877 Ut
431 2836 495 2877 una
519 2836 582 2877 uox
609 2815 798 2880 absoluItur.

363 2898 433 2983 Ego
456 2902 554 2964 uoluo
579 2900 681 2965 libros
705 2903 819 2968 uberes

360 2987 533 3071 Inetarque
557 2988 675 3053 densae
699 2992 868 3077 grandinis

219 3222 234 3270 3
259 3163 451 3286 eurrelluiinae
477 3217 513 3270 Vl
589 3167 812 3299 liaqusIloaor
831 3223 861 3290 (q
878 3237 912 3277 ex
931 3223 957 3289 e)
982 3219 1019 3274 V²

97 3305 128 3358 V
219 3303 258 3357 VI
277 3323 378 3366 uvouvr
401 3305 428 3359 V
479 3305 609 3376 elegito
635 3306 857 3375 Vlebl'ouial'
909 3308 1119 3367 annuentibus
1139 3312 1166 3365 V

147 3373 311 3430 'llumbant
332 3376 368 3430 V¹
394 3382 398 3444 l
423 3393 549 3433 recursus
572 3377 599 3431 V
613 3394 683 3433 corr.
708 3379 823 3435 Viaetua

92 3465 122 3516 Ζ
216 3463 269 3518 VII
296 3464 330 3518 ln
352 3465 493 3520 notarium
518 3468 556 3537 Μ
576 3467 606 3521 in
628 3466 768 3522 notarium
793 3469 824 3523 in
849 3470 995 3526 scribendo
1018 3469 1162 3526 uelocissi-

144 3552 221 3588 mum
238 3534 295 3588 Tu
309 3536 370 3589 ba'ni
383 3539 513 3592 materali
531 3540 563 3593 iar
580 3555 639 3593 unu
652 3557 759 3609 quaque
773 3541 847 3594 linea
863 3540 931 3608 Tu,
949 3557 1065 3610 quorum
1080 3543 1162 3610 prior

145 3605 180 3660 ab
203 3607 311 3660 laterali
334 3608 426 3662 littera
448 3609 535 3663 rubra
558 3611 672 3679 incipit,
695 3612 825 3680 praefixa
847 3613 930 3667 etium
951 3618 1018 3667 autu
1038 3613 1055 3666 Γ
1072 3614 1161 3667 minio

143 3677 264 3746 seriptu;
282 3679 444 3746 portame
462 3681 558 3747 primu
581 3682 673 3735 littera
696 3683 787 3736 minor
810 3687 848 3738 eet
870 3689 896 3738 et
914 3689 977 3738 atra
1000 3684 1102 3738 lineola
1124 3685 1161 3738 ub

144 3747 229 3802 altaro
255 3749 427 3819 dieiunyitur
449 3751 481 3803 in
502 3750 527 3802 T
599 3757 612 3805 1
638 3752 778 3807 notarium
804 3753 873 3808 TM
899 3757 904 3821 l
933 3760 1114 3824 praeceptum
1136 3754 1165 3808 Z

142 3833 212 3874 cerr.
231 3820 376 3874 Arruntius
394 3824 468 3876 1496
531 3823 655 3878 llaolers
676 3823 747 3878 GM
768 3825 860 3881 solens
880 3825 907 3879 Τ
969 3826 1117 3895 Rpugilar
1137 3826 1165 3880 T

179 3894 196 3941 5
216 3889 342 3960 proiecta
364 3889 390 3944 Τ
459 3898 473 3945 7
494 3908 546 3962 ego
565 3893 650 3949 uoluo
670 3895 698 3949 Z
723 3897 824 3951 euoluo
843 3897 1079 3952 Auanta‘ae1507
