2430 4274
211 1214 544 1316 AVSONII
582 1213 1013 1316 OPVSOVLA.

554 1554 558 1561 -
598 1514 624 1579 1.

351 1658 875 1751 <saansan1vucvmn>.

61 1887 64 1924 ἶ
79 1886 162 1936 [⁴⁷⁰Al
342 1887 516 1937 Avsomvs
538 1886 691 1936 LECTORI
715 1885 884 1936 SALVTEM.

106 1994 270 2059 Ausonius
294 1994 423 2078 genitor
445 1993 554 2078 nobis,
577 2013 638 2078 ego
662 1993 794 2059 numine
818 1994 944 2060 codem:

152 2082 212 2157 Qui
237 2083 311 2165 sim,
335 2105 399 2166 qua
422 2087 524 2167 secta,
549 2082 664 2165 stirpe,
687 2083 756 2147 lare
780 2088 812 2148 et
835 2083 957 2167 patria,

106 2172 288 2256 Adscripsi,
313 2177 349 2234 ut
372 2193 498 2253 nosses,
522 2172 606 2236 bone
631 2170 694 2255 uir,
718 2171 911 2256 quicumque
934 2171 1067 2257 fuisses,

150 2259 195 2324 Et
217 2263 332 2325 notum
356 2260 493 2325 memori
515 2282 566 2325 me
590 2261 712 2325 coleres
736 2260 854 2326 animo.

107 2348 245 2413 Vasates
269 2349 378 2433 patria
400 2356 451 2414 cst
473 2350 573 2433 patri,
596 2369 676 2433 gens
700 2347 836 2413 Haedua
859 2350 958 2414 matri
1105 2366 1120 2413 5

151 2436 198 2501 De
221 2443 329 2522 petre,
353 2437 511 2503 Tarbellis
535 2442 586 2502 set
610 2439 756 2523 genetrix
779 2439 820 2501 ab
845 2436 961 2522 Aquis,

107 2524 181 2609 Ipse
204 2548 264 2612 ego
288 2526 484 2612 Burdigalae
509 2527 653 2613 genitus:
677 2525 783 2589 diuisa
807 2548 864 2609 per
886 2527 983 2590 urbes

153 2614 311 2689 Quattuor
336 2618 483 2699 antiquas
508 2616 619 2700 stirpis
644 2615 736 2699 origo
760 2637 859 2680 meae.

107 2702 194 2766 Hinc
217 2703 282 2768 late
305 2705 378 2769 fusa
401 2710 452 2770 est
474 2704 640 2790 cognatim
664 2704 797 2769 nomina
820 2703 931 2768 multis

152 2791 203 2854 Ex
226 2797 350 2874 nostra,
374 2799 410 2857 ut
431 2794 602 2879 placitum,
627 2794 724 2858 ducta
747 2793 843 2858 domo
867 2792 1014 2857 ueniant:
1090 2807 1122 2856 10

107 2880 265 2945 Deriuata
287 2882 373 2965 aliis,
395 2882 489 2946 nobis
514 2884 554 2946 ab
579 2886 749 2947 stemmate
773 2883 878 2965 primo

152 2968 286 3033 utnon
309 2972 454 3056 cognati,
479 2971 535 3035 sed
558 2970 709 3055 genetiua
731 2971 868 3054 placent.

105 3058 163 3123 Set
186 3057 283 3122 redeo
308 3058 347 3122 ad
371 3060 497 3125 seriem.
533 3059 663 3142 genitor
686 3060 811 3124 studuit
834 3059 1026 3142 medicinae,

150 3147 406 3230 Disciplinarum
430 3169 512 3232 quae
536 3148 625 3212 dedit
648 3170 713 3212 una
736 3148 841 3212 deum.

105 3234 176 3300 Nos
202 3237 242 3301 ad
267 3238 501 3321 grammaticen
525 3236 667 3301 studium
693 3237 913 3301 conuertimus
938 3240 970 3301 et
988 3258 1064 3302 mox
1090 3252 1121 3300 15

151 3324 342 3390 Rhetorices
367 3327 479 3411 etiam,
503 3325 588 3410 quod
613 3326 705 3407 satis,
730 3325 908 3410 attigimus.

178 3536 190 3589 l
210 3540 337 3601 †amunc
354 3513 576 3592 acscddcuscuna
591 3538 595 3605 Ι
611 3555 739 3591 ausonius
753 3554 864 3590 nncuom
879 3521 980 3590 sucund
999 3536 1121 3603 (merom
1152 3537 1183 3591 V

107 3607 229 3661 caerulco
247 3609 344 3674 colere)
370 3608 396 3661 V
457 3614 473 3660 2
493 3608 643 3679 quasssecta
661 3609 774 3677 (rasura
791 3623 874 3676 saper
892 3623 910 3660 a
925 3611 988 3677 post
1005 3609 1029 3674 t)
1053 3605 1081 3660 V

108 3684 124 3730 6
143 3677 280 3731 teruellus
305 3678 331 3731 V
351 3695 419 3734 corr.
440 3679 563 3748 Scalipcr
636 3683 653 3732 8
671 3695 733 3752 mep
753 3680 779 3751 (e
798 3695 849 3733 rcc.
869 3680 901 3733 ia
918 3694 987 3744 rae,
1011 3694 1073 3750 mee
1091 3683 1123 3732 at

108 3751 165 3803 uid.
188 3749 238 3817 ΙΝ)
259 3750 286 3802 V
313 3770 318 3779 ¹
350 3750 453 3804 9hlnc
479 3751 505 3802 V
572 3756 604 3804 10
623 3753 713 3819 utpr.
733 3767 767 3805 ss.
792 3750 819 3804 V
893 3754 930 3803 11·
945 3749 1074 3803 dcuibata
1099 3748 1126 3803 V

111 3825 143 3870 12
163 3821 296 3888 genetiba
315 3823 360 3888 (ne
379 3823 411 3876 in
428 3821 458 3876 ni
478 3822 526 3892 al.)
550 3821 577 3876 V
649 3827 681 3874 15
703 3825 732 3876 et
749 3839 813 3876 mox
832 3837 883 3876 rec.
903 3822 967 3876 add.
993 3821 1020 3873 V
1091 3826 1123 3873 16

109 3888 146 3942 Et
164 3908 228 3944 mox
246 3892 380 3948 retcrices
404 3894 448 3963 Vl
465 3893 531 3947 s⁸tis
550 3894 578 3961 (a
595 3909 647 3949 rec.
666 3894 712 3962 as.)
736 3892 763 3947 V

164 3989 293 4032 Ausonius.
950 3987 965 4035 l
