2430 4274
524 514 762 579 -312-

132 677 266 743 Miscuit
289 675 416 762 argenti
440 675 551 741 letalia
573 673 718 759 pondera
740 672 823 758 uiui,

179 765 321 851 (legeret
344 768 381 829 ut
404 764 540 829 celerem
564 763 614 827 uis
639 762 807 848 geminata
829 782 951 826 necem.

134 853 272 920 Diuidat
294 859 372 919 haec
397 853 424 918 si
448 853 532 937 quis,
554 850 679 916 faciunt
701 850 841 916 discreta
864 871 1044 936 uenenum3
1130 866 1144 916 t

179 942 374 1008 Antidotum
398 944 519 1024 sumet,
543 940 597 1025 qui
621 939 747 1005 sociata
768 939 868 1005 bibet.

134 1032 225 1116 Ergo
249 1032 335 1097 inter
358 1052 429 1096 sese
452 1028 528 1094 dum
551 1028 650 1094 noxia
672 1028 790 1113 pocula
812 1032 954 1112 certant,

181 1117 288 1185 Cessit
310 1119 416 1184 letalis
440 1140 525 1184 noxa
548 1115 746 1183 salutiferae.

134 1208 290 1273 Protinus
314 1210 347 1272 et
369 1229 491 1272 uacuos
515 1206 580 1270 alui
604 1206 725 1291 petiere
748 1226 907 1284 recessus,

180 1296 319 1361 Lubrica
342 1295 474 1359 deiectis
499 1316 564 1379 qua
586 1294 641 1359 uia
663 1297 743 1359 uota
766 1293 855 1360 cibis.
1118 1310 1144 1359 ιο

136 1384 240 1462 Quam
264 1384 320 1468 pia
342 1405 419 1448 cura
441 1381 549 1448 deum!
573 1383 705 1467 prodest
729 1382 887 1448 crudelior
909 1404 1006 1449 uxor:

179 1470 238 1557 Et,
261 1494 335 1537 cum
357 1471 427 1538 fata
449 1472 579 1556 uolunt,
604 1471 681 1536 bina
704 1492 828 1536 uenena
851 1471 973 1536 iuuant

81 1736 134 1778 1111
150 1738 238 1786 [cxxv]
418 1717 457 1771 IN
478 1714 668 1771 EVNOMVM
685 1714 865 1771 MEDIOVM.

137 1843 361 1928 Languentem
386 1841 503 1909 Gaium
527 1843 721 1910 moriturum
745 1842 872 1908 dixerat
895 1842 972 1909 olim

180 1931 359 1997 Eunomus.
397 1933 503 1997 euasit
526 1931 588 1997 fati
611 1953 687 2016 ope,
709 1952 777 1996 non
800 1930 924 1995 medici.

135 2019 236 2085 Paulo
260 2023 336 2105 post
358 2021 465 2102 ipsum
488 2019 590 2105 uidet,
615 2023 671 2085 aut
695 2020 816 2085 uidisse
838 2021 985 2106 putauit,

179 2106 362 2173 Pallentem
386 2112 419 2172 et
441 2108 545 2172 multa
568 2109 684 2173 mortis
707 2109 741 2172 in
765 2108 882 2194 effigie.

137 2194 228 2272 ‘Quis
242 2195 313 2261 tul'
337 2194 496 2279 “Gaius'',
511 2197 566 2261 ait.
590 2195 760 2262 ‘uiuisnel'
779 2196 832 2261 hic
843 2197 966 2262 abnuit
987 2196 1118 2282 ‘etquid
1134 2212 1148 2262 o

180 2282 278 2349 Nunc
301 2284 373 2370 agis
397 2283 483 2350 hic?'
508 2283 634 2350 “missu
657 2283 757 2368 Ditis,
781 2286 843 2368 ait,
866 2285 978 2367 uenio,

136 2372 196 2452 Vt,
219 2373 295 2457 quia
317 2373 469 2439 notitiam
491 2395 663 2459 rerumque
686 2373 919 2457 hominumque
943 2378 1106 2459 tenerem,

180 2459 331 2527 Accirem
354 2461 530 2528 medicos.''
566 2461 735 2528 Eunomus
759 2462 911 2546 obriguit.

137 2549 221 2616 Tum
237 2549 352 2617 Gaius:
371 2550 522 2617 “Metuas
536 2551 628 2634 nihil,
641 2550 798 2617 Eunomo.
828 2550 894 2615 dixi
908 2571 969 2637 ego
985 2554 1019 2616 et
1033 2572 1152 2634 omnes,

181 2637 330 2724 Nullum,
354 2642 409 2725 qui
434 2644 575 2727 saperet,
601 2640 707 2706 dicere
729 2644 762 2704 te
784 2637 979 2705 medicum?
1122 2656 1151 2705 ιο

209 2849 351 2907 ulaetalia
370 2849 425 2905 TG
479 2855 495 2904 5
515 2851 552 2904 ha
570 2867 586 2904 c
605 2849 632 2903 V
683 2849 805 2904 osumit
820 2848 847 2904 Τ
862 2852 954 2904 sumet
972 2849 1012 2905 M
1023 2853 1028 2918 Ι
1044 2849 1155 2907 bssritl'

173 2920 321 2994 tlaetalis
347 2920 374 2974 V
388 2919 517 2975 mortalis
574 2920 686 3004 Jnoxia
704 2919 784 3046 ij
802 2920 965 2994 salutiferae
991 2921 1019 2977 V
1072 2919 1153 2977 sulii

139 2989 166 3046 Τ
178 2991 184 3059 Ι
199 3007 338 3046 recessus:
356 3008 371 3044 r
388 2991 441 3047 litt.
461 3007 474 3043 e
492 2992 593 3047 simelae
617 2991 643 3044 V
714 2996 747 3045 10
785 2990 895 3046 eiectis:
915 2992 934 3047 d
953 3008 988 3046 ec
1007 2996 1055 3048 et?
1079 2991 1107 3047 V

62 3080 123 3136 VZ
168 3119 176 3130 .
209 3076 264 3132 1111
289 3078 331 3133 td.
351 3093 401 3133 om.
423 3076 449 3131 Τ
474 3077 551 3133 Idem
570 3079 609 3133 M
631 3078 673 3133 De
691 3077 819 3135 Eunomo
843 3079 891 3147 qui
909 3077 1021 3135 dixerat
1038 3096 1153 3152 aegrum

138 3148 278 3218 quendam
295 3149 463 3205 moriturum
479 3148 506 3205 G
521 3152 525 3218 Ι
542 3150 580 3219 (Α
595 3175 629 3197 =
644 3151 728 3206 codcc
745 3151 777 3206 in
794 3150 887 3206 cadem
905 3149 1069 3206 brtliottecu
1082 3152 1153 3206 Aro-

136 3222 179 3276 rs'a
200 3221 310 3276 insulae
331 3222 463 3276 isandus
485 3238 504 3274 a
523 3221 709 3289 Scamacrio)
783 3227 797 3275 1
821 3221 1017 3290 languentem:
1046 3220 1097 3277 lan
1120 3223 1153 3277 ul.

138 3290 210 3360 (lio
227 3293 304 3360 raa),
321 3309 351 3346 m
370 3292 405 3346 al.
426 3291 463 3345 V·
479 3292 662 3363 languentum
683 3292 710 3345 Τ
780 3291 924 3362 lipsium]
944 3307 960 3346 e
978 3293 1087 3364 populo
1108 3291 1153 3362 ΖΙ

138 3361 219 3434 olim]
239 3378 337 3433 agrurn
356 3363 383 3417 Z
442 3368 459 3417 8
478 3366 528 3419 aut
547 3363 583 3418 V¹
602 3362 668 3418 laut
686 3365 759 3430 (cam
775 3378 879 3418 rasura
896 3379 980 3432 asper
999 3364 1029 3432 ln)
1052 3363 1091 3418 V'
1108 3364 1154 3420 seed

137 3448 222 3489 cosa
239 3433 310 3489 haut
326 3437 459 3505 repetitur
476 3451 520 3504 pr.
538 3451 573 3488 m.
598 3433 624 3487 V
694 3434 771 3488 tais
790 3433 870 3487 uisne
892 3433 917 3488 Τ
929 3433 934 3504 Ι
950 3433 1012 3506 hic]
1031 3433 1088 3490 hoc
1107 3437 1133 3490 Z

138 3503 238 3558 annuit
256 3505 294 3559 M
306 3507 310 3574 Ι
327 3506 356 3560 et
374 3505 442 3575 quid
461 3521 511 3560 om.
528 3505 595 3560 ΤΜ
621 3509 744 3576 ’smarp
761 3504 796 3574 Τ)
815 3508 846 3560 at
863 3503 932 3572 quid
951 3505 978 3559 0
1034 3511 1051 3560 6
1071 3522 1144 3562 nunc

137 3572 193 3628 huc
210 3575 236 3628 Τ
252 3577 327 3630 hunc
338 3575 368 3637 ,θ
383 3580 387 3643 1
403 3577 508 3718 missal]
520 3578 597 3632 iussu
611 3507 668 3631 ΜΘ
723 3582 739 3630 ‘1
758 3578 790 3629 nt
808 3575 989 3701 quiaputqui
1004 3578 1032 3630 A
1051 3579 1119 3649 utq3

137 3646 256 3728 uterque
275 3646 494 3771 Mprerumque
527 3664 580 3716 que
599 3662 649 3702 om.
663 3648 701 3702 Μ
715 3649 721 3716 l
735 3650 859 3729 »νηῒ
940 3653 976 3730 ,8.
991 3647 1156 3732 adcireM

138 3732 295 3788 acciperem
351 3717 678 3787 {medicoszdacttV
730 3717 1156 3790 amnemamnem

139 3805 200 3861 uxr
221 3807 266 3862 aaz
289 3804 361 3860 unt
384 3805 420 3860 ν’
494 3812 528 3861 10
546 3790 637 3861 aaut·
658 3809 684 3877 (ι
702 3807 739 3863 a.
758 3808 805 3876 a.)
830 3805 857 3861 V
883 3806 889 3878 ι
917 3806 982 3874 qun
1000 3805 1159 3878 operar

138 3876 202 3945 quis
221 3879 363 3947 aspertum
382 3878 420 3932 Μ
436 3880 441 3947 Ι
466 3876 571 3947 dicere]
590 3877 667 3935 dicet
685 3879 724 3934 Μ
