<?xml version="1.0" encoding="UTF-8"?>
<!DOCTYPE html PUBLIC "-//W3C//DTD XHTML 1.0 Transitional//EN"
    "http://www.w3.org/TR/xhtml1/DTD/xhtml1-transitional.dtd">
<html xmlns="http://www.w3.org/1999/xhtml" xml:lang="en" lang="en">
 <head>
  <title>
</title>
<meta http-equiv="Content-Type" content="text/html;charset=utf-8" />
  <meta name='ocr-system' content='tesseract 3.04.00' />
  <meta name='ocr-capabilities' content='ocr_page ocr_carea ocr_par ocr_line ocrx_word'/>
</head>
<body>
  <div class='ocr_page' id='page_1' title='image "./decimimagniavso00ausogoog_0096.png"; bbox 0 0 2430 4274; ppageno 0'>
   <div class='ocr_carea' id='block_1_1' title="bbox 458 523 761 570">
    <p class='ocr_par' dir='ltr' id='par_1_1' title="bbox 458 523 761 570">
     <span class='ocr_line' id='line_1_1' title="bbox 458 523 761 570; baseline 0 0"><span class='ocrx_word' id='word_1_1' title='bbox 458 543 494 552; x_wconf 96' lang='lat'>-</span> <span class='ocrx_word' id='word_1_2' title='bbox 542 523 675 570; x_wconf 80' lang='lat' dir='ltr'>Lxxxxi</span> <span class='ocrx_word' id='word_1_3' title='bbox 724 543 761 555; x_wconf 89' lang='grc'><strong>-</strong></span> 
     </span>
    </p>
   </div>
   <div class='ocr_carea' id='block_1_2' title="bbox 102 664 1116 839">
    <p class='ocr_par' dir='ltr' id='par_1_2' title="bbox 102 664 1116 839">
     <span class='ocr_line' id='line_1_2' title="bbox 102 664 1115 756; baseline 0.007 -26"><span class='ocrx_word' id='word_1_4' title='bbox 102 664 161 730; x_wconf 70' lang='lat'>267</span> <span class='ocrx_word' id='word_1_5' title='bbox 187 664 396 748; x_wconf 80' lang='lat' dir='ltr'>Arborius,</span> <span class='ocrx_word' id='word_1_6' title='bbox 419 664 559 731; x_wconf 84' lang='lat' dir='ltr'>Ausonii</span> <span class='ocrx_word' id='word_1_7' title='bbox 582 669 737 748; x_wconf 86' lang='lat' dir='ltr'>paternus</span> <span class='ocrx_word' id='word_1_8' title='bbox 756 690 846 750; x_wconf 87' lang='lat' dir='ltr'>auus,</span> <span class='ocrx_word' id='word_1_9' title='bbox 870 669 1002 754; x_wconf 87' lang='lat' dir='ltr'>eiusque</span> <span class='ocrx_word' id='word_1_10' title='bbox 1021 675 1115 756; x_wconf 89' lang='lat' dir='ltr'>pater</span> 
     </span>
     <span class='ocr_line' id='line_1_3' title="bbox 185 752 1116 839; baseline 0.01 -21"><span class='ocrx_word' id='word_1_11' title='bbox 185 755 364 838; x_wconf 77' lang='lat' dir='ltr'>proscripti</span> <span class='ocrx_word' id='word_1_12' title='bbox 381 774 535 839; x_wconf 86' lang='lat' dir='ltr'>„reguum</span> <span class='ocrx_word' id='word_1_13' title='bbox 556 775 628 820; x_wconf 88' lang='lat' dir='ltr'>cum</span> <span class='ocrx_word' id='word_1_14' title='bbox 642 752 830 821; x_wconf 71' lang='lat' dir='ltr'>Victorinus</span> <span class='ocrx_word' id='word_1_15' title='bbox 849 757 986 823; x_wconf 88' lang='lat' dir='ltr'>haberet</span> <span class='ocrx_word' id='word_1_16' title='bbox 1000 759 1116 826; x_wconf 87' lang='lat' dir='ltr'>ductor</span> 
     </span>
    </p>
   </div>
   <div class='ocr_carea' id='block_1_3' title="bbox 187 842 1115 1269">
    <p class='ocr_par' dir='ltr' id='par_1_3' title="bbox 187 842 1115 1269">
     <span class='ocr_line' id='line_1_4' title="bbox 187 842 1114 931; baseline 0.01 -26"><span class='ocrx_word' id='word_1_17' title='bbox 187 845 221 906; x_wconf 89' lang='lat' dir='ltr'>et</span> <span class='ocrx_word' id='word_1_18' title='bbox 260 845 294 907; x_wconf 93' lang='lat' dir='ltr'>iu</span> <span class='ocrx_word' id='word_1_19' title='bbox 336 842 483 908; x_wconf 78' lang='lat' dir='ltr'>Tetricos</span> <span class='ocrx_word' id='word_1_20' title='bbox 522 842 638 907; x_wconf 82' lang='lat' dir='ltr'>recidit</span> <span class='ocrx_word' id='word_1_21' title='bbox 674 844 876 927; x_wconf 87' lang='lat' dir='ltr'>imperium“.</span> <span class='ocrx_word' id='word_1_22' title='bbox 936 856 1009 920; x_wconf 84' lang='lat' dir='ltr'>(Par.</span> <span class='ocrx_word' id='word_1_23' title='bbox 1038 865 1068 931; x_wconf 81' lang='lat'>4,</span> <span class='ocrx_word' id='word_1_24' title='bbox 1097 865 1114 914; x_wconf 84' lang='lat'>8</span> 
     </span>
     <span class='ocr_line' id='line_1_5' title="bbox 188 926 1115 1003; baseline 0.006 -20"><span class='ocrx_word' id='word_1_25' title='bbox 188 927 223 983; x_wconf 78' lang='lat' dir='ltr'>cf.</span> <span class='ocrx_word' id='word_1_26' title='bbox 239 927 356 998; x_wconf 90' lang='lat' dir='ltr'>Eutrcp.</span> <span class='ocrx_word' id='word_1_27' title='bbox 370 928 437 982; x_wconf 89' lang='lat' dir='ltr'>VIII</span> <span class='ocrx_word' id='word_1_28' title='bbox 451 935 475 984; x_wconf 85' lang='grc'>3.</span> <span class='ocrx_word' id='word_1_29' title='bbox 488 933 522 982; x_wconf 88' lang='grc'>10</span> <span class='ocrx_word' id='word_1_30' title='bbox 535 926 662 983; x_wconf 85' lang='lat' dir='ltr'>Tetricus</span> <span class='ocrx_word' id='word_1_31' title='bbox 676 928 752 998; x_wconf 91' lang='lat' dir='ltr'>apud</span> <span class='ocrx_word' id='word_1_32' title='bbox 766 929 949 999; x_wconf 79' lang='lat' dir='ltr'>Burdigalam</span> <span class='ocrx_word' id='word_1_33' title='bbox 963 950 1115 1003; x_wconf 76' lang='lat' dir='ltr'>purpuram</span> 
     </span>
     <span class='ocr_line' id='line_1_6' title="bbox 187 998 1114 1070; baseline 0.01 -18"><span class='ocrx_word' id='word_1_34' title='bbox 187 1000 309 1069; x_wconf 85' lang='lat' dir='ltr'>sumpsit</span> <span class='ocrx_word' id='word_1_35' title='bbox 327 1003 363 1069; x_wconf 85' lang='lat' dir='ltr'>(a.</span> <span class='ocrx_word' id='word_1_36' title='bbox 382 1001 455 1070; x_wconf 76' lang='grc'>172).</span> <span class='ocrx_word' id='word_1_37' title='bbox 483 998 604 1055; x_wconf 85' lang='lat' dir='ltr'>Trebell.</span> <span class='ocrx_word' id='word_1_38' title='bbox 624 999 693 1055; x_wconf 89' lang='lat' dir='ltr'>Poll.</span> <span class='ocrx_word' id='word_1_39' title='bbox 713 999 791 1054; x_wconf 85' lang='lat' dir='ltr'>XXX</span> <span class='ocrx_word' id='word_1_40' title='bbox 810 1004 863 1070; x_wconf 84' lang='lat' dir='ltr'>tyr.</span> <span class='ocrx_word' id='word_1_41' title='bbox 883 1007 899 1055; x_wconf 83' lang='grc'>3</span> <span class='ocrx_word' id='word_1_42' title='bbox 919 1004 948 1055; x_wconf 85' lang='grc'>11</span> <span class='ocrx_word' id='word_1_43' title='bbox 965 1007 1023 1069; x_wconf 77' lang='lat'>24):</span> <span class='ocrx_word' id='word_1_44' title='bbox 1063 1007 1114 1062; x_wconf 86' lang='lat' dir='ltr'>uto</span> 
     </span>
     <span class='ocr_line' id='line_1_7' title="bbox 187 1023 1114 1141; baseline 0.009 -19"><span class='ocrx_word' id='word_1_45' title='bbox 187 1068 264 1126; x_wconf 86' lang='lat' dir='ltr'>inter</span> <span class='ocrx_word' id='word_1_46' title='bbox 281 1072 334 1126; x_wconf 89' lang='lat' dir='ltr'>has</span> <span class='ocrx_word' id='word_1_47' title='bbox 347 1070 424 1141; x_wconf 88' lang='lat' dir='ltr'>ipsas</span> <span class='ocrx_word' id='word_1_48' title='bbox 437 1072 535 1125; x_wconf 81' lang='lat' dir='ltr'>turbes</span> <span class='ocrx_word' id='word_1_49' title='bbox 550 1087 613 1124; x_wconf 88' lang='lat' dir='ltr'>cum</span> <span class='ocrx_word' id='word_1_50' title='bbox 628 1072 709 1139; x_wconf 87' lang='lat' dir='ltr'>pater</span> <span class='ocrx_word' id='word_1_51' title='bbox 724 1070 835 1126; x_wconf 80' lang='lat' dir='ltr'>exulare</span> <span class='ocrx_word' id='word_1_52' title='bbox 850 1074 1006 1141; x_wconf 83' lang='lat' dir='ltr'>cogeretur,</span> <span class='ocrx_word' id='word_1_53' title='bbox 1024 1023 1114 1130; x_wconf 72' lang='lat' dir='ltr'>filium</span> 
     </span>
     <span class='ocr_line' id='line_1_8' title="bbox 187 1139 1112 1212; baseline 0.008 -18"><span class='ocrx_word' id='word_1_54' title='bbox 187 1158 248 1196; x_wconf 84' lang='lat' dir='ltr'>esse</span> <span class='ocrx_word' id='word_1_55' title='bbox 262 1145 367 1207; x_wconf 85' lang='lat' dir='ltr'>natum,</span> <span class='ocrx_word' id='word_1_56' title='bbox 383 1142 432 1212; x_wconf 92' lang='lat' dir='ltr'>qui</span> <span class='ocrx_word' id='word_1_57' title='bbox 445 1141 549 1212; x_wconf 82' lang='lat' dir='ltr'>portin</span> <span class='ocrx_word' id='word_1_58' title='bbox 558 1139 690 1195; x_wconf 80' lang='lat' dir='ltr'>Tarbella</span> <span class='ocrx_word' id='word_1_59' title='bbox 700 1141 816 1196; x_wconf 89' lang='lat' dir='ltr'>ciuitate</span> <span class='ocrx_word' id='word_1_60' title='bbox 826 1141 1007 1199; x_wconf 88' lang='lat' dir='ltr'>matrimonio</span> <span class='ocrx_word' id='word_1_61' title='bbox 1017 1161 1112 1200; x_wconf 90' lang='lat' dir='ltr'>secum</span> 
     </span>
     <span class='ocr_line' id='line_1_9' title="bbox 187 1210 795 1269; baseline 0.002 -4"><span class='ocrx_word' id='word_1_62' title='bbox 187 1212 279 1267; x_wconf 83' lang='lat' dir='ltr'>iunxit</span> <span class='ocrx_word' id='word_1_63' title='bbox 297 1212 447 1268; x_wconf 80' lang='lat' dir='ltr'>Aemiliam</span> <span class='ocrx_word' id='word_1_64' title='bbox 466 1210 641 1269; x_wconf 80' lang='lat' dir='ltr'>Corinthiam</span> <span class='ocrx_word' id='word_1_65' title='bbox 660 1212 795 1266; x_wconf 80' lang='lat' dir='ltr'>Mauram.</span> 
     </span>
    </p>
   </div>
   <div class='ocr_carea' id='block_1_4' title="bbox 101 1302 1114 1568">
    <p class='ocr_par' dir='ltr' id='par_1_4' title="bbox 101 1302 1114 1568">
     <span class='ocr_line' id='line_1_10' title="bbox 101 1302 1114 1392; baseline 0.005 -25"><span class='ocrx_word' id='word_1_66' title='bbox 101 1302 240 1386; x_wconf 68' lang='lat' dir='ltr'>istaec</span> <span class='ocrx_word' id='word_1_67' title='bbox 254 1310 351 1369; x_wconf 89' lang='lat' dir='ltr'>uatus</span> <span class='ocrx_word' id='word_1_68' title='bbox 366 1308 417 1369; x_wconf 88' lang='lat' dir='ltr'>est</span> <span class='ocrx_word' id='word_1_69' title='bbox 430 1303 555 1368; x_wconf 89' lang='lat' dir='ltr'>Iulius</span> <span class='ocrx_word' id='word_1_70' title='bbox 571 1303 765 1368; x_wconf 83' lang='lat' dir='ltr'>Ausonius</span> <span class='ocrx_word' id='word_1_71' title='bbox 777 1302 934 1371; x_wconf 82' lang='lat' dir='ltr'>Cossione</span> <span class='ocrx_word' id='word_1_72' title='bbox 944 1305 1114 1392; x_wconf 85' lang='lat' dir='ltr'>Vasatum‚</span> 
     </span>
     <span class='ocr_line' id='line_1_11' title="bbox 187 1392 1113 1481; baseline 0.005 -24"><span class='ocrx_word' id='word_1_73' title='bbox 187 1392 227 1457; x_wconf 93' lang='lat' dir='ltr'>D.</span> <span class='ocrx_word' id='word_1_74' title='bbox 250 1392 364 1479; x_wconf 80' lang='lat' dir='ltr'>Magni</span> <span class='ocrx_word' id='word_1_75' title='bbox 387 1392 526 1458; x_wconf 83' lang='lat' dir='ltr'>Ausonii</span> <span class='ocrx_word' id='word_1_76' title='bbox 553 1395 660 1477; x_wconf 86' lang='lat' dir='ltr'>pater,</span> <span class='ocrx_word' id='word_1_77' title='bbox 688 1393 830 1458; x_wconf 88' lang='lat' dir='ltr'>medicus</span> <span class='ocrx_word' id='word_1_78' title='bbox 858 1393 1113 1481; x_wconf 87' lang='lat' dir='ltr'>Burdigalensis,</span> 
     </span>
     <span class='ocr_line' id='line_1_12' title="bbox 187 1479 1111 1568; baseline 0.004 -22"><span class='ocrx_word' id='word_1_79' title='bbox 187 1482 316 1566; x_wconf 89' lang='lat' dir='ltr'>utrique</span> <span class='ocrx_word' id='word_1_80' title='bbox 336 1482 444 1547; x_wconf 89' lang='lat' dir='ltr'>curiae</span> <span class='ocrx_word' id='word_1_81' title='bbox 463 1485 496 1546; x_wconf 90' lang='lat' dir='ltr'>et</span> <span class='ocrx_word' id='word_1_82' title='bbox 509 1479 675 1546; x_wconf 78' lang='lat' dir='ltr'>Romanae</span> <span class='ocrx_word' id='word_1_83' title='bbox 690 1485 723 1545; x_wconf 92' lang='lat' dir='ltr'>et</span> <span class='ocrx_word' id='word_1_84' title='bbox 735 1480 963 1568; x_wconf 88' lang='lat' dir='ltr'>Burdigalensi</span> <span class='ocrx_word' id='word_1_85' title='bbox 977 1485 1111 1550; x_wconf 91' lang='lat' dir='ltr'>honoris</span> 
     </span>
    </p>
   </div>
   <div class='ocr_carea' id='block_1_5' title="bbox 186 1571 1112 1656">
    <p class='ocr_par' dir='ltr' id='par_1_5' title="bbox 186 1571 1112 1656">
     <span class='ocr_line' id='line_1_13' title="bbox 186 1571 1112 1656; baseline 0.001 -20"><span class='ocrx_word' id='word_1_86' title='bbox 186 1592 284 1636; x_wconf 88' lang='lat' dir='ltr'>causa</span> <span class='ocrx_word' id='word_1_87' title='bbox 299 1571 491 1656; x_wconf 89' lang='lat' dir='ltr'>adscriptus.</span> <span class='ocrx_word' id='word_1_88' title='bbox 519 1577 621 1645; x_wconf 79' lang='lat' dir='ltr'>(Praei.</span> <span class='ocrx_word' id='word_1_89' title='bbox 635 1580 648 1633; x_wconf 96' lang='grc' dir='ltr'>Ι</span> <span class='ocrx_word' id='word_1_90' title='bbox 664 1587 704 1635; x_wconf 91' lang='grc'>13.</span> <span class='ocrx_word' id='word_1_91' title='bbox 731 1573 847 1650; x_wconf 78' lang='lat' dir='ltr'>Epictd.</span> <span class='ocrx_word' id='word_1_92' title='bbox 863 1589 888 1635; x_wconf 89' lang='lat'>1.</span> <span class='ocrx_word' id='word_1_93' title='bbox 902 1589 926 1636; x_wconf 80' lang='lat' dir='ltr'>t.</span> <span class='ocrx_word' id='word_1_94' title='bbox 951 1582 1013 1639; x_wconf 83' lang='lat' dir='ltr'>Par.</span> <span class='ocrx_word' id='word_1_95' title='bbox 1031 1589 1054 1650; x_wconf 89' lang='lat'>1,</span> <span class='ocrx_word' id='word_1_96' title='bbox 1071 1590 1112 1638; x_wconf 91' lang='grc'>13.</span> 
     </span>
    </p>
   </div>
   <div class='ocr_carea' id='block_1_6' title="bbox 151 1655 1114 2294">
    <p class='ocr_par' dir='ltr' id='par_1_6' title="bbox 186 1655 1114 1868">
     <span class='ocr_line' id='line_1_14' title="bbox 186 1655 1114 1727; baseline 0.003 -17"><span class='ocrx_word' id='word_1_97' title='bbox 186 1656 337 1711; x_wconf 80' lang='lat' dir='ltr'>Marcellus</span> <span class='ocrx_word' id='word_1_98' title='bbox 347 1655 558 1727; x_wconf 90' lang='lat' dir='ltr'>Burdigalensis</span> <span class='ocrx_word' id='word_1_99' title='bbox 571 1655 601 1710; x_wconf 90' lang='lat' dir='ltr'>in</span> <span class='ocrx_word' id='word_1_100' title='bbox 615 1655 738 1725; x_wconf 86' lang='lat' dir='ltr'>epistula</span> <span class='ocrx_word' id='word_1_101' title='bbox 751 1657 875 1725; x_wconf 82' lang='lat' dir='ltr'>praefixa</span> <span class='ocrx_word' id='word_1_102' title='bbox 887 1657 959 1712; x_wconf 92' lang='lat' dir='ltr'>libro</span> <span class='ocrx_word' id='word_1_103' title='bbox 973 1658 1007 1713; x_wconf 89' lang='lat' dir='ltr'>de</span> <span class='ocrx_word' id='word_1_104' title='bbox 1017 1675 1047 1713; x_wconf 88' lang='grc'>11</span> <span class='ocrx_word' id='word_1_105' title='bbox 1057 1675 1114 1713; x_wconf 88' lang='lat' dir='ltr'>me·</span> 
     </span>
     <span class='ocr_line' id='line_1_15' title="bbox 188 1725 1114 1795; baseline 0.003 -14"><span class='ocrx_word' id='word_1_106' title='bbox 188 1728 266 1782; x_wconf 81' lang='lat' dir='ltr'>dies:</span> <span class='ocrx_word' id='word_1_107' title='bbox 286 1727 363 1795; x_wconf 84' lang='lat' dir='ltr'>„Nec</span> <span class='ocrx_word' id='word_1_108' title='bbox 381 1727 472 1782; x_wconf 87' lang='lat' dir='ltr'>solum</span> <span class='ocrx_word' id='word_1_109' title='bbox 490 1728 600 1781; x_wconf 83' lang='lat' dir='ltr'>ueteres</span> <span class='ocrx_word' id='word_1_110' title='bbox 617 1725 774 1782; x_wconf 83' lang='lat' dir='ltr'>medicinae</span> <span class='ocrx_word' id='word_1_111' title='bbox 793 1728 863 1782; x_wconf 89' lang='lat' dir='ltr'>artis</span> <span class='ocrx_word' id='word_1_112' title='bbox 882 1730 1011 1783; x_wconf 88' lang='lat' dir='ltr'>auctores</span> <span class='ocrx_word' id='word_1_113' title='bbox 1025 1729 1114 1784; x_wconf 84' lang='lat' dir='ltr'>latmo</span> 
     </span>
     <span class='ocr_line' id='line_1_16' title="bbox 187 1796 1113 1868; baseline 0.003 -16"><span class='ocrx_word' id='word_1_114' title='bbox 187 1798 326 1853; x_wconf 84' lang='lat' dir='ltr'>duntaxat</span> <span class='ocrx_word' id='word_1_115' title='bbox 352 1814 480 1854; x_wconf 86' lang='lat' dir='ltr'>sermone</span> <span class='ocrx_word' id='word_1_116' title='bbox 507 1797 692 1867; x_wconf 89' lang='lat' dir='ltr'>perscriptos,</span> <span class='ocrx_word' id='word_1_117' title='bbox 721 1796 766 1852; x_wconf 91' lang='lat' dir='ltr'>cui</span> <span class='ocrx_word' id='word_1_118' title='bbox 794 1798 835 1852; x_wconf 89' lang='lat' dir='ltr'>rei</span> <span class='ocrx_word' id='word_1_119' title='bbox 858 1815 972 1868; x_wconf 84' lang='lat' dir='ltr'>operam</span> <span class='ocrx_word' id='word_1_120' title='bbox 995 1802 1113 1867; x_wconf 86' lang='lat' dir='ltr'>uterque</span> 
     </span>
    </p>

    <p class='ocr_par' dir='ltr' id='par_1_7' title="bbox 151 1867 1112 2294">
     <span class='ocr_line' id='line_1_17' title="bbox 151 1867 1112 1940; baseline 0 -16"><span class='ocrx_word' id='word_1_121' title='bbox 151 1894 156 1903; x_wconf 93' lang='lat'><em>·</em></span> <span class='ocrx_word' id='word_1_122' title='bbox 187 1868 297 1924; x_wconf 90' lang='lat' dir='ltr'>Plinius</span> <span class='ocrx_word' id='word_1_123' title='bbox 320 1872 350 1924; x_wconf 90' lang='lat' dir='ltr'>et</span> <span class='ocrx_word' id='word_1_124' title='bbox 367 1868 503 1939; x_wconf 86' lang='lat' dir='ltr'>Apuleius</span> <span class='ocrx_word' id='word_1_125' title='bbox 522 1871 551 1923; x_wconf 86' lang='lat' dir='ltr'>ct</span> <span class='ocrx_word' id='word_1_126' title='bbox 569 1867 667 1924; x_wconf 80' lang='lat' dir='ltr'>Celsus</span> <span class='ocrx_word' id='word_1_127' title='bbox 686 1869 716 1921; x_wconf 91' lang='lat' dir='ltr'>et</span> <span class='ocrx_word' id='word_1_128' title='bbox 733 1867 905 1939; x_wconf 83' lang='lat' dir='ltr'>Apollinaris</span> <span class='ocrx_word' id='word_1_129' title='bbox 924 1886 958 1925; x_wconf 89' lang='lat' dir='ltr'>ac</span> <span class='ocrx_word' id='word_1_130' title='bbox 977 1870 1112 1940; x_wconf 88' lang='lat' dir='ltr'>Designa-</span> 
     </span>
     <span class='ocr_line' id='line_1_18' title="bbox 186 1939 1112 2010; baseline -0.001 -15"><span class='ocrx_word' id='word_1_131' title='bbox 186 1939 281 1996; x_wconf 88' lang='lat' dir='ltr'>tianus</span> <span class='ocrx_word' id='word_1_132' title='bbox 304 1939 409 2009; x_wconf 85' lang='lat' dir='ltr'>aliique</span> <span class='ocrx_word' id='word_1_133' title='bbox 434 1939 563 1995; x_wconf 91' lang='lat' dir='ltr'>nonnulli</span> <span class='ocrx_word' id='word_1_134' title='bbox 585 1941 672 1995; x_wconf 90' lang='lat' dir='ltr'>ctiam</span> <span class='ocrx_word' id='word_1_135' title='bbox 695 1939 823 2009; x_wconf 88' lang='lat' dir='ltr'>proximo</span> <span class='ocrx_word' id='word_1_136' title='bbox 841 1943 969 2010; x_wconf 88' lang='lat' dir='ltr'>tempore</span> <span class='ocrx_word' id='word_1_137' title='bbox 986 1939 1112 1997; x_wconf 89' lang='lat' dir='ltr'>illustres</span> 
     </span>
     <span class='ocr_line' id='line_1_19' title="bbox 186 2009 1112 2081; baseline 0.003 -17"><span class='ocrx_word' id='word_1_138' title='bbox 186 2011 339 2067; x_wconf 88' lang='lat' dir='ltr'>honoribus</span> <span class='ocrx_word' id='word_1_139' title='bbox 353 2011 417 2074; x_wconf 89' lang='lat' dir='ltr'>uiri,</span> <span class='ocrx_word' id='word_1_140' title='bbox 432 2012 508 2065; x_wconf 87' lang='lat' dir='ltr'>ciues</span> <span class='ocrx_word' id='word_1_141' title='bbox 522 2027 555 2065; x_wconf 88' lang='lat' dir='ltr'>ac</span> <span class='ocrx_word' id='word_1_142' title='bbox 569 2009 689 2066; x_wconf 86' lang='lat' dir='ltr'>maiores</span> <span class='ocrx_word' id='word_1_143' title='bbox 699 2011 798 2079; x_wconf 82' lang='lat' dir='ltr'>nostri,</span> <span class='ocrx_word' id='word_1_144' title='bbox 813 2011 948 2079; x_wconf 86' lang='lat' dir='ltr'>Sibarius,</span> <span class='ocrx_word' id='word_1_145' title='bbox 963 2011 1112 2081; x_wconf 89' lang='lat' dir='ltr'>Eutropius</span> 
     </span>
     <span class='ocr_line' id='line_1_20' title="bbox 186 2081 1111 2151; baseline 0 -14"><span class='ocrx_word' id='word_1_146' title='bbox 186 2086 272 2151; x_wconf 90' lang='lat' dir='ltr'>atquc</span> <span class='ocrx_word' id='word_1_147' title='bbox 287 2081 427 2138; x_wconf 87' lang='lat' dir='ltr'>Ausonius</span> <span class='ocrx_word' id='word_1_148' title='bbox 446 2082 666 2148; x_wconf 85' lang='lat' dir='ltr'>commodarunt,</span> <span class='ocrx_word' id='word_1_149' title='bbox 685 2082 806 2137; x_wconf 89' lang='lat' dir='ltr'>lectione</span> <span class='ocrx_word' id='word_1_150' title='bbox 826 2086 963 2137; x_wconf 80' lang='lat' dir='ltr'>scmtatus</span> <span class='ocrx_word' id='word_1_151' title='bbox 982 2088 1111 2137; x_wconf 64' lang='grc'>111111*-</span> 
     </span>
     <span class='ocr_line' id='line_1_21' title="bbox 186 2151 1112 2224; baseline 0.003 -17"><span class='ocrx_word' id='word_1_152' title='bbox 186 2157 217 2207; x_wconf 87' lang='lat' dir='ltr'>et</span> <span class='ocrx_word' id='word_1_153' title='bbox 245 2170 305 2223; x_wconf 90' lang='lat' dir='ltr'>cap.</span> <span class='ocrx_word' id='word_1_154' title='bbox 330 2159 364 2208; x_wconf 76' lang='grc'>11</span> <span class='ocrx_word' id='word_1_155' title='bbox 392 2172 420 2223; x_wconf 92' lang='lat' dir='ltr'>p.</span> <span class='ocrx_word' id='word_1_156' title='bbox 446 2158 510 2207; x_wconf 78' lang='lat' dir='ltr'>llil:</span> <span class='ocrx_word' id='word_1_157' title='bbox 540 2154 694 2220; x_wconf 78' lang='lat' dir='ltr'>„Ausonius</span> <span class='ocrx_word' id='word_1_158' title='bbox 722 2151 874 2208; x_wconf 87' lang='lat' dir='ltr'>medicus“.</span> <span class='ocrx_word' id='word_1_159' title='bbox 912 2153 944 2208; x_wconf 90' lang='lat' dir='ltr'>In</span> <span class='ocrx_word' id='word_1_160' title='bbox 972 2153 1112 2224; x_wconf 85' lang='lat' dir='ltr'>palatium</span> 
     </span>
     <span class='ocr_line' id='line_1_22' title="bbox 186 2223 809 2294; baseline -0.002 -15"><span class='ocrx_word' id='word_1_161' title='bbox 186 2228 319 2279; x_wconf 89' lang='lat' dir='ltr'>uocatum</span> <span class='ocrx_word' id='word_1_162' title='bbox 339 2242 402 2279; x_wconf 89' lang='lat' dir='ltr'>eum</span> <span class='ocrx_word' id='word_1_163' title='bbox 421 2224 507 2279; x_wconf 86' lang='lat' dir='ltr'>fuisse</span> <span class='ocrx_word' id='word_1_164' title='bbox 527 2223 651 2294; x_wconf 86' lang='lat' dir='ltr'>Scaliger</span> <span class='ocrx_word' id='word_1_165' title='bbox 669 2225 809 2294; x_wconf 86' lang='lat' dir='ltr'>putabat.)</span> 
     </span>
    </p>
   </div>
   <div class='ocr_carea' id='block_1_7' title="bbox 96 2315 1112 2382">
    <p class='ocr_par' dir='ltr' id='par_1_8' title="bbox 96 2315 1112 2382">
     <span class='ocr_line' id='line_1_23' title="bbox 96 2315 1112 2382; baseline -0.001 0"><span class='ocrx_word' id='word_1_166' title='bbox 96 2338 121 2382; x_wconf 88' lang='lat' dir='ltr'>c.</span> <span class='ocrx_word' id='word_1_167' title='bbox 141 2316 209 2381; x_wconf 86' lang='lat'>308</span> <span class='ocrx_word' id='word_1_168' title='bbox 234 2316 358 2381; x_wconf 92' lang='lat' dir='ltr'>Iulius</span> <span class='ocrx_word' id='word_1_169' title='bbox 378 2316 575 2381; x_wconf 90' lang='lat' dir='ltr'>Ausonius</span> <span class='ocrx_word' id='word_1_170' title='bbox 594 2316 627 2380; x_wconf 92' lang='lat' dir='ltr'>in</span> <span class='ocrx_word' id='word_1_171' title='bbox 643 2317 886 2381; x_wconf 88' lang='lat' dir='ltr'>matrimonium</span> <span class='ocrx_word' id='word_1_172' title='bbox 901 2317 989 2381; x_wconf 91' lang='lat' dir='ltr'>ducit</span> <span class='ocrx_word' id='word_1_173' title='bbox 1002 2315 1112 2382; x_wconf 81' lang='lat' dir='ltr'>Aemi-</span> 
     </span>
    </p>
   </div>
   <div class='ocr_carea' id='block_1_8' title="bbox 187 2403 1111 2485">
    <p class='ocr_par' dir='ltr' id='par_1_9' title="bbox 187 2403 1111 2485">
     <span class='ocr_line' id='line_1_24' title="bbox 187 2403 1111 2485; baseline 0.003 -17"><span class='ocrx_word' id='word_1_174' title='bbox 187 2406 265 2469; x_wconf 92' lang='lat' dir='ltr'>liam</span> <span class='ocrx_word' id='word_1_175' title='bbox 293 2405 464 2485; x_wconf 83' lang='lat' dir='ltr'>Aeoniam,</span> <span class='ocrx_word' id='word_1_176' title='bbox 494 2403 626 2469; x_wconf 83' lang='lat' dir='ltr'>Arborii</span> <span class='ocrx_word' id='word_1_177' title='bbox 653 2405 755 2468; x_wconf 89' lang='lat' dir='ltr'>filiam</span> <span class='ocrx_word' id='word_1_178' title='bbox 784 2415 857 2477; x_wconf 81' lang='lat' dir='ltr'>(Par.</span> <span class='ocrx_word' id='word_1_179' title='bbox 882 2421 906 2468; x_wconf 81' lang='lat' dir='ltr'>a.</span> <span class='ocrx_word' id='word_1_180' title='bbox 940 2414 1054 2483; x_wconf 85' lang='lat' dir='ltr'>Epiced.</span> <span class='ocrx_word' id='word_1_181' title='bbox 1078 2422 1111 2471; x_wconf 82' lang='grc'>31</span> 
     </span>
    </p>
   </div>
   <div class='ocr_carea' id='block_1_9' title="bbox 188 2488 1112 2630">
    <p class='ocr_par' dir='ltr' id='par_1_10' title="bbox 188 2488 1112 2630">
     <span class='ocr_line' id='line_1_25' title="bbox 188 2488 1112 2559; baseline 0.001 -15"><span class='ocrx_word' id='word_1_182' title='bbox 188 2490 351 2559; x_wconf 90' lang='lat' dir='ltr'>coniugium</span> <span class='ocrx_word' id='word_1_183' title='bbox 378 2508 429 2559; x_wconf 89' lang='lat' dir='ltr'>per</span> <span class='ocrx_word' id='word_1_184' title='bbox 457 2491 546 2544; x_wconf 89' lang='lat' dir='ltr'>lustra</span> <span class='ocrx_word' id='word_1_185' title='bbox 570 2506 672 2544; x_wconf 91' lang='lat' dir='ltr'>nouem</span> <span class='ocrx_word' id='word_1_186' title='bbox 687 2533 694 2544; x_wconf 90' lang='lat'>.</span> <span class='ocrx_word' id='word_1_187' title='bbox 710 2533 737 2546; x_wconf 91' lang='lat'>..</span> <span class='ocrx_word' id='word_1_188' title='bbox 757 2507 842 2542; x_wconf 87' lang='lat' dir='ltr'>unum</span> <span class='ocrx_word' id='word_1_189' title='bbox 862 2488 949 2543; x_wconf 88' lang='lat' dir='ltr'>habui</span> <span class='ocrx_word' id='word_1_190' title='bbox 964 2532 969 2544; x_wconf 93' lang='lat'>.</span> <span class='ocrx_word' id='word_1_191' title='bbox 986 2533 992 2545; x_wconf 94' lang='lat'>.</span> <span class='ocrx_word' id='word_1_192' title='bbox 1012 2492 1112 2558; x_wconf 91' lang='lat' dir='ltr'>gnatos</span> 
     </span>
     <span class='ocr_line' id='line_1_26' title="bbox 188 2560 501 2630; baseline 0 -15"><span class='ocrx_word' id='word_1_193' title='bbox 188 2564 323 2630; x_wconf 88' lang='lat' dir='ltr'>quattuor</span> <span class='ocrx_word' id='word_1_194' title='bbox 342 2560 501 2630; x_wconf 87' lang='lat' dir='ltr'>edidimus).</span> 
     </span>
    </p>
   </div>
   <div class='ocr_carea' id='block_1_10' title="bbox 94 2650 1113 2808">
    <p class='ocr_par' dir='ltr' id='par_1_11' title="bbox 94 2650 1113 2808">
     <span class='ocr_line' id='line_1_27' title="bbox 94 2650 1113 2729; baseline -0.003 -10"><span class='ocrx_word' id='word_1_195' title='bbox 94 2676 120 2719; x_wconf 88' lang='lat' dir='ltr'>c.</span> <span class='ocrx_word' id='word_1_196' title='bbox 140 2654 208 2719; x_wconf 87' lang='lat'>309</span> <span class='ocrx_word' id='word_1_197' title='bbox 242 2653 385 2718; x_wconf 88' lang='lat' dir='ltr'>nascitur</span> <span class='ocrx_word' id='word_1_198' title='bbox 416 2653 519 2717; x_wconf 84' lang='lat' dir='ltr'>filiola</span> <span class='ocrx_word' id='word_1_199' title='bbox 550 2652 691 2716; x_wconf 82' lang='lat' dir='ltr'>Aemilia</span> <span class='ocrx_word' id='word_1_200' title='bbox 719 2650 861 2716; x_wconf 86' lang='lat' dir='ltr'>Melania</span> <span class='ocrx_word' id='word_1_201' title='bbox 893 2658 976 2729; x_wconf 89' lang='lat' dir='ltr'>(quae</span> <span class='ocrx_word' id='word_1_202' title='bbox 1004 2660 1113 2716; x_wconf 86' lang='lat' dir='ltr'>lactans</span> 
     </span>
     <span class='ocr_line' id='line_1_28' title="bbox 186 2736 1112 2808; baseline -0.003 -14"><span class='ocrx_word' id='word_1_203' title='bbox 186 2738 267 2805; x_wconf 87' lang='lat' dir='ltr'>obiit,</span> <span class='ocrx_word' id='word_1_204' title='bbox 284 2738 398 2808; x_wconf 84' lang='lat' dir='ltr'>Epieed.</span> <span class='ocrx_word' id='word_1_205' title='bbox 418 2744 464 2803; x_wconf 78' lang='lat'>393</span> <span class='ocrx_word' id='word_1_206' title='bbox 489 2754 545 2793; x_wconf 91' lang='lat' dir='ltr'>uuo</span> <span class='ocrx_word' id='word_1_207' title='bbox 564 2736 678 2793; x_wconf 88' lang='lat' dir='ltr'>consule</span> <span class='ocrx_word' id='word_1_208' title='bbox 698 2736 788 2792; x_wconf 90' lang='lat' dir='ltr'>maior</span> <span class='ocrx_word' id='word_1_209' title='bbox 806 2738 904 2805; x_wconf 84' lang='lat' dir='ltr'>fratre,</span> <span class='ocrx_word' id='word_1_210' title='bbox 929 2736 991 2791; x_wconf 89' lang='lat' dir='ltr'>Par.</span> <span class='ocrx_word' id='word_1_211' title='bbox 1011 2743 1054 2806; x_wconf 77' lang='lat'>29,</span> <span class='ocrx_word' id='word_1_212' title='bbox 1073 2739 1112 2808; x_wconf 81' lang='lat'>4).</span> 
     </span>
    </p>
   </div>
   <div class='ocr_carea' id='block_1_11' title="bbox 96 2831 1113 2986">
    <p class='ocr_par' dir='ltr' id='par_1_12' title="bbox 96 2831 1113 2986">
     <span class='ocr_line' id='line_1_29' title="bbox 96 2831 1113 2904; baseline -0.003 -7"><span class='ocrx_word' id='word_1_213' title='bbox 96 2854 122 2898; x_wconf 84' lang='lat' dir='ltr'>c.</span> <span class='ocrx_word' id='word_1_214' title='bbox 142 2831 211 2897; x_wconf 87' lang='lat'>310</span> <span class='ocrx_word' id='word_1_215' title='bbox 244 2847 398 2896; x_wconf 81' lang='lat' dir='ltr'>nucmvs</span> <span class='ocrx_word' id='word_1_216' title='bbox 427 2846 571 2895; x_wconf 78' lang='lat' dir='ltr'>uaauvs</span> <span class='ocrx_word' id='word_1_217' title='bbox 600 2847 770 2895; x_wconf 74' lang='lat' dir='ltr'>avsonivs</span> <span class='ocrx_word' id='word_1_218' title='bbox 801 2840 883 2904; x_wconf 78' lang='lat' dir='ltr'>(haec</span> <span class='ocrx_word' id='word_1_219' title='bbox 910 2840 1025 2894; x_wconf 79' lang='lat' dir='ltr'>nomina</span> <span class='ocrx_word' id='word_1_220' title='bbox 1048 2839 1113 2894; x_wconf 83' lang='lat' dir='ltr'>libri</span> 
     </span>
     <span class='ocr_line' id='line_1_30' title="bbox 185 2915 1111 2986; baseline 0.001 -16"><span class='ocrx_word' id='word_1_221' title='bbox 185 2916 267 2971; x_wconf 91' lang='lat' dir='ltr'>PGB</span> <span class='ocrx_word' id='word_1_222' title='bbox 287 2915 476 2986; x_wconf 84' lang='lat' dir='ltr'>suppeditant,</span> <span class='ocrx_word' id='word_1_223' title='bbox 496 2916 552 2970; x_wconf 85' lang='lat' dir='ltr'>uid.</span> <span class='ocrx_word' id='word_1_224' title='bbox 572 2917 652 2970; x_wconf 85' lang='lat' dir='ltr'>notas</span> <span class='ocrx_word' id='word_1_225' title='bbox 666 2916 702 2970; x_wconf 87' lang='lat' dir='ltr'>ad</span> <span class='ocrx_word' id='word_1_226' title='bbox 721 2935 747 2985; x_wconf 91' lang='lat' dir='ltr'>p.</span> <span class='ocrx_word' id='word_1_227' title='bbox 765 2921 806 2971; x_wconf 75' lang='lat'>17.</span> <span class='ocrx_word' id='word_1_228' title='bbox 824 2922 882 2971; x_wconf 78' lang='lat'>144.</span> <span class='ocrx_word' id='word_1_229' title='bbox 900 2923 958 2971; x_wconf 75' lang='lat'>154.</span> <span class='ocrx_word' id='word_1_230' title='bbox 976 2920 1111 2971; x_wconf 69' lang='grc'>161182.</span> 
     </span>
    </p>
   </div>
   <div class='ocr_carea' id='block_1_12' title="bbox 187 2989 1115 3518">
    <p class='ocr_par' dir='ltr' id='par_1_13' title="bbox 189 2989 1113 3145">
     <span class='ocr_line' id='line_1_31' title="bbox 191 2989 1113 3074; baseline 0 -20"><span class='ocrx_word' id='word_1_231' title='bbox 191 3000 253 3064; x_wconf 85' lang='grc'>113)</span> <span class='ocrx_word' id='word_1_232' title='bbox 286 2991 430 3055; x_wconf 84' lang='lat' dir='ltr'>nascitur</span> <span class='ocrx_word' id='word_1_233' title='bbox 462 2989 659 3074; x_wconf 90' lang='lat' dir='ltr'>Burdigalae</span> <span class='ocrx_word' id='word_1_234' title='bbox 692 3000 765 3063; x_wconf 79' lang='lat' dir='ltr'>(Par.</span> <span class='ocrx_word' id='word_1_235' title='bbox 792 3007 834 3068; x_wconf 79' lang='grc'>13,</span> <span class='ocrx_word' id='word_1_236' title='bbox 858 3007 883 3055; x_wconf 86' lang='grc'>4.</span> <span class='ocrx_word' id='word_1_237' title='bbox 925 2999 1040 3070; x_wconf 79' lang='lat' dir='ltr'>Epiced.</span> <span class='ocrx_word' id='word_1_238' title='bbox 1064 3005 1113 3054; x_wconf 84' lang='lat'>41:</span> 
     </span>
     <span class='ocr_line' id='line_1_32' title="bbox 189 3076 347 3145; baseline -0.013 -14"><span class='ocrx_word' id='word_1_239' title='bbox 189 3076 347 3145; x_wconf 87' lang='lat' dir='ltr'>maximus).</span> 
     </span>
    </p>

    <p class='ocr_par' dir='ltr' id='par_1_14' title="bbox 187 3165 1115 3518">
     <span class='ocr_line' id='line_1_33' title="bbox 187 3165 1113 3252; baseline -0.002 -21"><span class='ocrx_word' id='word_1_240' title='bbox 187 3166 421 3252; x_wconf 87' lang='lat' dir='ltr'>Praeceptores</span> <span class='ocrx_word' id='word_1_241' title='bbox 436 3167 558 3249; x_wconf 89' lang='lat' dir='ltr'>primae</span> <span class='ocrx_word' id='word_1_242' title='bbox 568 3165 725 3250; x_wconf 89' lang='lat' dir='ltr'>pueritiae</span> <span class='ocrx_word' id='word_1_243' title='bbox 735 3167 762 3231; x_wconf 92' lang='lat' dir='ltr'>is</span> <span class='ocrx_word' id='word_1_244' title='bbox 772 3165 1113 3231; x_wconf 88' lang='lat' dir='ltr'>habuitMacrinum</span> 
     </span>
     <span class='ocr_line' id='line_1_34' title="bbox 187 3254 1113 3340; baseline -0.001 -21"><span class='ocrx_word' id='word_1_245' title='bbox 187 3265 273 3330; x_wconf 75' lang='lat' dir='ltr'>(Prot.</span> <span class='ocrx_word' id='word_1_246' title='bbox 286 3266 392 3333; x_wconf 90' lang='grc' dir='ltr'>1ο,11),</span> <span class='ocrx_word' id='word_1_247' title='bbox 406 3278 504 3338; x_wconf 91' lang='lat' dir='ltr'>porro</span> <span class='ocrx_word' id='word_1_248' title='bbox 515 3254 655 3320; x_wconf 87' lang='lat' dir='ltr'>Graecos</span> <span class='ocrx_word' id='word_1_249' title='bbox 666 3256 897 3340; x_wconf 86' lang='lat' dir='ltr'>grammaticos</span> <span class='ocrx_word' id='word_1_250' title='bbox 912 3254 1113 3320; x_wconf 90' lang='lat' dir='ltr'>Romulum</span> 
     </span>
     <span class='ocr_line' id='line_1_35' title="bbox 188 3343 1115 3427; baseline -0.001 -19"><span class='ocrx_word' id='word_1_251' title='bbox 188 3348 222 3408; x_wconf 87' lang='lat' dir='ltr'>et</span> <span class='ocrx_word' id='word_1_252' title='bbox 235 3343 478 3409; x_wconf 84' lang='lat' dir='ltr'>Corinthium</span> <span class='ocrx_word' id='word_1_253' title='bbox 494 3354 579 3418; x_wconf 83' lang='lat' dir='ltr'>(Prof.</span> <span class='ocrx_word' id='word_1_254' title='bbox 591 3360 617 3421; x_wconf 86' lang='lat'>8,</span> <span class='ocrx_word' id='word_1_255' title='bbox 629 3352 680 3418; x_wconf 82' lang='lat'>10).</span> <span class='ocrx_word' id='word_1_256' title='bbox 701 3343 876 3427; x_wconf 90' lang='lat' dir='ltr'>plurimum</span> <span class='ocrx_word' id='word_1_257' title='bbox 886 3366 963 3408; x_wconf 91' lang='lat' dir='ltr'>uero</span> <span class='ocrx_word' id='word_1_258' title='bbox 975 3344 1115 3408; x_wconf 88' lang='lat' dir='ltr'>debebat</span> 
     </span>
     <span class='ocr_line' id='line_1_36' title="bbox 188 3432 1113 3518; baseline -0.002 -21"><span class='ocrx_word' id='word_1_259' title='bbox 188 3432 327 3518; x_wconf 87' lang='lat' dir='ltr'>Magno</span> <span class='ocrx_word' id='word_1_260' title='bbox 351 3433 520 3497; x_wconf 85' lang='lat' dir='ltr'>Arborio</span> <span class='ocrx_word' id='word_1_261' title='bbox 539 3434 708 3516; x_wconf 90' lang='lat' dir='ltr'>auunculo,</span> <span class='ocrx_word' id='word_1_262' title='bbox 731 3432 783 3497; x_wconf 85' lang='lat' dir='ltr'>cui</span> <span class='ocrx_word' id='word_1_263' title='bbox 803 3433 916 3516; x_wconf 91' lang='lat' dir='ltr'>primis</span> <span class='ocrx_word' id='word_1_264' title='bbox 936 3433 1029 3497; x_wconf 87' lang='lat' dir='ltr'>anuis</span> <span class='ocrx_word' id='word_1_265' title='bbox 1048 3435 1113 3495; x_wconf 91' lang='lat' dir='ltr'>tra·</span> 
     </span>
    </p>
   </div>
   <div class='ocr_carea' id='block_1_13' title="bbox 188 3521 1114 3677">
    <p class='ocr_par' dir='ltr' id='par_1_15' title="bbox 188 3521 1114 3677">
     <span class='ocr_line' id='line_1_37' title="bbox 189 3521 1114 3606; baseline -0.003 -21"><span class='ocrx_word' id='word_1_266' title='bbox 189 3521 274 3586; x_wconf 88' lang='lat' dir='ltr'>ditus</span> <span class='ocrx_word' id='word_1_267' title='bbox 289 3522 412 3606; x_wconf 89' lang='lat' dir='ltr'>placuit</span> <span class='ocrx_word' id='word_1_268' title='bbox 430 3530 504 3597; x_wconf 84' lang='lat' dir='ltr'>(Par.</span> <span class='ocrx_word' id='word_1_269' title='bbox 519 3538 544 3599; x_wconf 92' lang='grc'>3,</span> <span class='ocrx_word' id='word_1_270' title='bbox 562 3538 602 3586; x_wconf 90' lang='grc'>13.</span> <span class='ocrx_word' id='word_1_271' title='bbox 626 3531 688 3584; x_wconf 86' lang='lat' dir='ltr'>Par.</span> <span class='ocrx_word' id='word_1_272' title='bbox 708 3538 753 3597; x_wconf 83' lang='lat'>16;</span> <span class='ocrx_word' id='word_1_273' title='bbox 772 3527 900 3600; x_wconf 86' lang='lat' dir='ltr'>inprimis</span> <span class='ocrx_word' id='word_1_274' title='bbox 915 3530 949 3586; x_wconf 85' lang='lat' dir='ltr'>ef.</span> <span class='ocrx_word' id='word_1_275' title='bbox 965 3530 1027 3585; x_wconf 87' lang='lat' dir='ltr'>Par.</span> <span class='ocrx_word' id='word_1_276' title='bbox 1043 3536 1068 3597; x_wconf 88' lang='grc'>3,</span> <span class='ocrx_word' id='word_1_277' title='bbox 1084 3535 1114 3583; x_wconf 86' lang='lat'>8:</span> 
     </span>
     <span class='ocr_line' id='line_1_38' title="bbox 188 3606 1114 3677; baseline -0.003 -17"><span class='ocrx_word' id='word_1_278' title='bbox 188 3607 260 3660; x_wconf 89' lang='lat' dir='ltr'>mibi</span> <span class='ocrx_word' id='word_1_279' title='bbox 279 3610 327 3676; x_wconf 91' lang='lat' dir='ltr'>qui</span> <span class='ocrx_word' id='word_1_280' title='bbox 345 3606 431 3663; x_wconf 84' lang='lat' dir='ltr'>fueris</span> <span class='ocrx_word' id='word_1_281' title='bbox 449 3608 525 3676; x_wconf 89' lang='lat' dir='ltr'>quod</span> <span class='ocrx_word' id='word_1_282' title='bbox 538 3609 620 3676; x_wconf 80' lang='lat' dir='ltr'>pater</span> <span class='ocrx_word' id='word_1_283' title='bbox 634 3610 663 3661; x_wconf 97' lang='grc'>11</span> <span class='ocrx_word' id='word_1_284' title='bbox 676 3607 818 3677; x_wconf 75' lang='lat' dir='ltr'>genetri13</span> <span class='ocrx_word' id='word_1_285' title='bbox 838 3606 888 3674; x_wconf 89' lang='lat' dir='ltr'>qui</span> <span class='ocrx_word' id='word_1_286' title='bbox 902 3624 946 3661; x_wconf 90' lang='lat' dir='ltr'>me</span> <span class='ocrx_word' id='word_1_287' title='bbox 961 3606 1114 3661; x_wconf 84' lang='lat' dir='ltr'>lactantem</span> 
     </span>
    </p>
   </div>
   <div class='ocr_carea' id='block_1_14' title="bbox 187 3681 1116 3945">
    <p class='ocr_par' dir='ltr' id='par_1_16' title="bbox 187 3681 1116 3945">
     <span class='ocr_line' id='line_1_39' title="bbox 187 3681 1116 3761; baseline -0.003 -15"><span class='ocrx_word' id='word_1_288' title='bbox 187 3708 305 3761; x_wconf 88' lang='lat' dir='ltr'>puerum</span> <span class='ocrx_word' id='word_1_289' title='bbox 333 3692 520 3759; x_wconf 89' lang='lat' dir='ltr'>iuuenemque</span> <span class='ocrx_word' id='word_1_290' title='bbox 547 3691 694 3759; x_wconf 86' lang='lat' dir='ltr'>uirumque</span> <span class='ocrx_word' id='word_1_291' title='bbox 723 3690 830 3745; x_wconf 89' lang='lat' dir='ltr'>artibus</span> <span class='ocrx_word' id='word_1_292' title='bbox 859 3689 984 3753; x_wconf 87' lang='lat' dir='ltr'>ornasti).</span> <span class='ocrx_word' id='word_1_293' title='bbox 1030 3681 1116 3744; x_wconf 82' lang='lat' dir='ltr'>inter</span> 
     </span>
     <span class='ocr_line' id='line_1_40' title="bbox 188 3769 1116 3855; baseline -0.006 -20"><span class='ocrx_word' id='word_1_294' title='bbox 188 3770 427 3855; x_wconf 87' lang='lat' dir='ltr'>condiscipulos</span> <span class='ocrx_word' id='word_1_295' title='bbox 462 3776 532 3835; x_wconf 90' lang='lat' dir='ltr'>erat</span> <span class='ocrx_word' id='word_1_296' title='bbox 558 3769 753 3853; x_wconf 89' lang='lat' dir='ltr'>Luciclus,</span> <span class='ocrx_word' id='word_1_297' title='bbox 786 3774 862 3853; x_wconf 89' lang='lat' dir='ltr'>post</span> <span class='ocrx_word' id='word_1_298' title='bbox 894 3770 1052 3852; x_wconf 86' lang='lat' dir='ltr'>magister</span> <span class='ocrx_word' id='word_1_299' title='bbox 1083 3770 1116 3829; x_wconf 89' lang='lat' dir='ltr'>et</span> 
     </span>
     <span class='ocr_line' id='line_1_41' title="bbox 188 3858 1115 3945; baseline -0.011 -21"><span class='ocrx_word' id='word_1_300' title='bbox 188 3860 324 3945; x_wconf 89' lang='lat' dir='ltr'>conlega</span> <span class='ocrx_word' id='word_1_301' title='bbox 347 3859 485 3925; x_wconf 85' lang='lat' dir='ltr'>Ausonii</span> <span class='ocrx_word' id='word_1_302' title='bbox 509 3867 635 3936; x_wconf 72' lang='lat' dir='ltr'>(Prota,</span> <span class='ocrx_word' id='word_1_303' title='bbox 652 3867 687 3936; x_wconf 84' lang='grc'>1),</span> <span class='ocrx_word' id='word_1_304' title='bbox 705 3858 892 3924; x_wconf 89' lang='lat' dir='ltr'>Leontius</span> <span class='ocrx_word' id='word_1_305' title='bbox 917 3866 1002 3932; x_wconf 75' lang='lat' dir='ltr'>(Prot.</span> <span class='ocrx_word' id='word_1_306' title='bbox 1023 3871 1047 3932; x_wconf 82' lang='grc'>1,</span> <span class='ocrx_word' id='word_1_307' title='bbox 1066 3868 1115 3916; x_wconf 84' lang='lat' dir='ltr'>ra:</span> 
     </span>
    </p>
   </div>
   <div class='ocr_carea' id='block_1_15' title="bbox 0 0 1220 4274">
    <p class='ocr_par' dir='ltr' id='par_1_17' title="bbox 0 0 1220 4274">
     <span class='ocr_line' id='line_1_42' title="bbox 0 0 1220 4274; baseline 0 0"><span class='ocrx_word' id='word_1_308' title='bbox 0 0 1220 4274; x_wconf 95' lang='lat' dir='ltr'> </span> 
     </span>
    </p>
   </div>
  </div>
 </body>
</html>
