2430 4274
368 31 1205 293 ffl-

490 554 531 564 -
578 535 729 582 xxxxlm
774 553 819 563 -

144 678 172 742 d.
192 679 235 742 24
255 676 343 760 Sept
366 677 459 741 1494.
483 676 641 761 rediitque
665 676 733 741 sine
757 677 855 741 dubio
879 676 979 741 codex
1002 680 1079 761 post
1096 676 1158 742 Po-

143 767 250 830 litiani
278 770 415 830 mortem
438 764 604 829 Veronam
633 766 672 829 ad
703 788 774 829 eum
804 765 859 849 qui
887 765 1158 833 commodauerat

143 856 272 939 iamque
287 855 415 919 facilius
431 854 558 918 uidetur
571 855 789 919 coniecturam
803 854 920 937 facere,
933 854 1018 918 unde
1032 856 1159 920 uenerit

144 946 227 1010 liber
245 966 343 1029 quam
367 965 430 1027 quo
455 942 657 1026 disparuerit.
694 965 769 1008 nam
789 941 938 1007 Veronae
957 942 1059 1008 fuisse
1080 943 1158 1009 olim

144 1034 179 1097 in
206 1032 406 1098 bibliotheca
434 1031 644 1096 celeberrima
676 1031 810 1114 capituli
843 1031 915 1115 quis
947 1053 1014 1097 non
1044 1033 1158 1098 statim

145 1120 347 1205 suspicetur?
384 1121 440 1184 ubi
474 1141 547 1184 cum
579 1120 706 1205 integer
733 1123 836 1203 esset,
867 1120 1044 1186 Petrarcha
1077 1125 1159 1205 puto

145 1233 218 1275 eum
229 1208 472 1274 describendum
484 1209 610 1273 curauit
619 1213 676 1273 aut
690 1208 887 1293 descriptum
898 1229 936 1272 ex
946 1230 984 1273 eo
994 1209 1159 1295 exemplar

146 1300 238 1381 emit,
261 1298 347 1383 quod
374 1301 447 1382 post
470 1297 537 1361 eius
560 1300 696 1361 mortem
716 1297 750 1361 in
772 1298 981 1362 Ticineneiom
1004 1299 1158 1363 comitum

145 1387 380 1451 bibliothecam
395 1385 535 1450 transiit.
569 1407 718 1450 mancum
732 1394 846 1468 postea
860 1388 893 1451 et
909 1388 1061 1450 truncum
1075 1387 1158 1452 alius

145 1476 275 1560 quidam
296 1475 403 1539 nescio
425 1497 488 1559 quo
503 1496 589 1538 anno
608 1475 816 1558 transcripsit
829 1475 863 1539 ni
882 1474 979 1538 fallor
1002 1475 1034 1538 in
1055 1497 1159 1539 exem·

144 1565 218 1650 plar
250 1564 462 1628 Harlciouum
490 1563 593 1645 26133
630 1583 732 1646 neque
776 1564 912 1627 alterum
948 1562 1159 1629 Harleianum

146 1676 172 1717 a.
198 1654 280 1717 1471
307 1652 462 1735 scriptum
484 1649 632 1715 Veronae
657 1651 799 1716 alienum
828 1652 869 1716 ab
897 1673 934 1716 eo
960 1652 1161 1718 crediderim.

145 1764 221 1807 nam
255 1741 282 1805 si
314 1740 496 1805 'lirinensis
524 1740 607 1805 liber
636 1761 674 1802 ex
701 1739 895 1805 Petrorchae
928 1762 1039 1806 museo
1068 1740 1160 1806 Vice-

146 1832 300 1895 comitum
325 1829 543 1894 bibliothecae
570 1851 594 1893 c.
619 1851 646 1892 a.
674 1829 759 1893 1402
783 1829 932 1893 conditae
955 1828 1076 1894 inlatus
1100 1833 1161 1913 est,

146 1920 199 2003 qui
224 1919 293 1982 fieri
317 1917 438 2001 potuit,
467 1918 584 1981 utillo
608 1938 694 1981 anno
718 1916 866 1982 Veronae
891 1918 1040 1982 suumin
1064 1940 1159 1983 usum

146 2007 342 2071 describeret
357 2004 540 2089 Stephanus
554 2005 610 2070 ille
625 2006 664 2069 de
678 2005 774 2071 Nouo
789 2005 924 2070 monte?
942 2027 1044 2091 neque
1062 2028 1159 2090 porro

146 2095 252 2158 aliena
275 2095 426 2158 uidentur
445 2094 656 2180 Pythagorici
680 2096 876 2177 exemplaria
899 2117 997 2178 supra
1018 2116 1160 2160 comme·

147 2188 289 2265 morata,
313 2183 399 2267 quod
422 2186 593 2267 utrumque
621 2204 723 2268 prope
749 2182 893 2248 Venetos
923 2184 1161 2268 potius.quam

147 2271 252 2335 Ticini
276 2272 432 2354 scriptum
455 2271 593 2336 uidetur.
616 2309 653 2317 -
677 2273 745 2356 ipse
769 2272 884 2336 deinde
906 2275 1055 2337 uetustus
1078 2272 1162 2337 liber

146 2359 346 2424 Florentiam
366 2360 530 2445 migrauit,
550 2360 606 2424 nbi
626 2360 799 2424 uidendum
817 2383 895 2424 num
909 2360 1067 2426 Antoniam
1080 2361 1160 2427 Ber·

145 2450 251 2514 natus
266 2449 433 2534 quaedam,
448 2470 528 2533 quae
542 2450 681 2513 maxime
697 2448 884 2533 arriderent,
898 2471 988 2513 exeo
1003 2449 1162 2534 hanserit3

146 2543 223 2623 poet
237 2538 376 2603 reditum
386 2539 494 2603 nescio
505 2559 546 2602 an
558 2536 728 2620 Auentina,
739 2560 810 2602 cum
820 2540 957 2602 alteram
971 2543 1104 2622 pararet
1113 2560 1162 2603 re·

147 2628 330 2693 censionem
350 2649 451 2705 suam,
471 2650 568 2711 quam
586 2626 736 2692 Venetiis
756 2648 784 2691 a.
805 2627 888 2692 1507
909 2626 937 2690 d.
952 2624 1017 2690 VH
1037 2626 1161 2712 Aprilis

147 2715 290 2886 ldaditleb
310 2715 472 2864 {plquinus
496 2715 535 2779 de
554 2715 688 2780 Tridino
707 2715 824 2798 emisit,
847 2737 885 2780 eo
904 2737 981 2780 usus
1000 2715 1052 2780 sit
1083 2737 1159 2781 nam

219 2904 329 2973 „Quare
349 2922 412 2959 cum
431 2923 518 2975 nuper
537 2908 687 2976 repererim
707 2907 816 2976 aliquot
828 2907 945 2962 Ausonii
959 2906 1084 2962 carmina
1102 2904 1161 2960 diu

148 2977 182 3030 iu
200 2979 270 3031 situ
284 2975 438 3030 iacentia
453 2977 481 3030 et
496 2976 564 3032 locis
577 2977 736 3047 plaerisque
750 2977 994 3048 depranatissime:
1015 2977 1161 3033 aestatim

149 3052 199 3116 (ne
218 3063 357 3117 prorsus
375 3047 541 3117 perirent)
561 3066 613 3117 pro
633 3049 738 3103 uiribus
758 3049 909 3104 emendans
927 3049 1105 3105 reformari-‘⁴

148 3179 230 3241 quae
258 3157 359 3221 uerba
387 3157 478 3221 nullo
508 3158 603 3223 modo
630 3159 792 3244 pertinere
821 3167 959 3244 possunt
986 3179 1090 3242 neque
1120 3157 1161 3222 ad

149 3246 353 3311 'ficinensem
380 3267 482 3329 neque
512 3246 551 3310 ad
579 3246 799 3311 Harleianum.
845 3246 961 3332 ltaque
986 3250 1059 3311 tota
1080 3247 1163 3311 haec

149 3335 297 3418 quaestio
321 3356 403 3418 quae
431 3335 474 3399 sit
496 3334 747 3400 Harleianorum
774 3358 846 3401 cum
874 3335 1051 3418 Ticinensi‚
1079 3356 1161 3420 quae

149 3422 329 3487 Auentiani
353 3427 523 3488 contextus
546 3446 619 3489 cum
642 3424 693 3489 his
716 3426 809 3490 libris
832 3424 1029 3507 coniunctio,
1055 3423 1160 3489 denuo

148 3511 320 3576 tractanda
339 3512 414 3575 erit:
434 3535 493 3576 nos
513 3513 644 3577 interim
665 3515 710 3577 eis
725 3515 871 3579 contenti
890 3535 961 3578 esse
982 3512 1162 3595 debuimus,

149 3622 230 3684 quae
257 3598 437 3665 Vossianus
466 3602 507 3664 ad
533 3601 674 3666 Parisini
705 3602 861 3668 lectiones
895 3600 1055 3666 sanandas
1087 3622 1162 3684 snp-

148 3689 325 3773 peditabat.

215 3776 310 3842 Vnde
325 3781 432 3842 autem
452 3779 631 3862 pretiosum
650 3779 736 3844 hunc
751 3779 870 3845 librum
885 3779 1093 3844 Veronenses
1106 3776 1163 3842 ha·

138 3866 285 3951 buerirrt,
309 3866 410 3934 facile
433 3868 550 3935 estad
574 3868 808 3936 coniciendum.
842 3867 1057 3934 Bohienees
1083 3867 1162 3932 olim
