2430 4274
533 542 772 609 ..355-

144 703 300 789 gnomina
327 701 514 767 felicitatis:
542 701 599 766 sed
626 701 693 766 alia
719 705 770 767 est
796 700 863 766 ista
884 699 1026 766 materia
1047 703 1083 766 et
1103 721 1160 767 sao

143 795 260 876 parata
291 795 429 871 secreto,
462 810 536 855 cum
563 789 723 874 placuerit
755 790 925 875 signanter
955 793 991 854 et
1016 788 1160 855 breuiter

144 881 267 965 omnia,
295 901 377 964 quae
404 879 569 963 nouimus,
598 878 741 944 indicare
768 899 828 944 nec
854 878 1019 963 persequi,
1047 878 1159 964 utqui

144 972 305 1034 terrarum
335 968 446 1034 orbern
470 968 565 1033 unius
587 967 720 1033 tabulae
744 967 869 1032 ambitu
892 967 1190 1033 circumscribunt&

145 1058 313 1143 aliquanto
346 1057 542 1122 detrimento
577 1056 826 1142 magnitudinis,
862 1055 954 1121 nullo
993 1055 1159 1140 dispendio

93 1162 126 1210 10
144 1146 303 1212 ueritatis.
347 1167 432 1210 nunc
455 1150 578 1228 autem,
601 1145 688 1229 quod
710 1145 776 1210 diei
798 1144 894 1209 huius
917 1144 1104 1229 proprium,
1125 1144 1159 1209 de

145 1235 316 1301 consulatu
335 1235 458 1319 gratias
479 1253 586 1318 egam.
619 1233 675 1299 sed
693 1236 890 1319 procurrunt
908 1237 941 1297 et
956 1233 1044 1298 aliae
1058 1232 1159 1318 digui-

145 1327 230 1389 tates
263 1327 361 1405 atque
390 1323 424 1385 in
453 1342 566 1387 uocem
594 1322 826 1408 gratulationis
859 1326 1037 1405 erumpunt
1065 1343 1104 1388 ae
1129 1342 1160 1385 se

95 1428 122 1475 11
145 1411 236 1495 prius
264 1410 380 1475 debere
407 1411 610 1495 profitentur.
656 1414 709 1476 tot
735 1410 855 1496 gradus
878 1412 1010 1476 nomine
1033 1411 1191 1477 comitisa

145 1503 279 1584 propter
301 1502 360 1564 tua
381 1499 583 1564 incrementa
601 1500 763 1584 congesti:
788 1521 826 1564 ex
849 1504 907 1564 tuo
927 1500 1048 1564 merito
1072 1503 1107 1564 te
1128 1519 1161 1563 ae

146 1591 238 1673 patre
266 1587 469 1672 principibus
497 1593 673 1672 quaestura
702 1589 882 1654 communis
906 1592 940 1652 et
962 1588 1012 1652 tui
1036 1592 1161 1653 11111111

146 1675 351 1762 praefectura
373 1677 537 1760 beneficii,
560 1698 642 1761 quae
666 1679 699 1742 et
721 1677 795 1762 ipse
816 1696 883 1741 non
906 1676 980 1740 uult
997 1676 1071 1741 uice
1090 1677 1160 1741 sim·

146 1765 222 1850 plici
255 1766 428 1850 gratulari,
461 1765 626 1831 liberalius
659 1765 766 1830 diuisa
797 1786 895 1850 quem
926 1765 1059 1831 iuncta:
1093 1786 1161 1831 eum

146 1859 314 1920 teneamus
342 1853 406 1920 duo
428 1854 606 1938 integrum,
632 1859 747 1919 neuter
776 1853 940 1919 desiderat
968 1858 1191 1940 separatius

213 1941 272 2006 111.
301 1941 365 2006 Sed
383 1942 455 2026 illa,
479 1945 516 2008 ut
534 1943 633 2026 paulo
653 1947 729 2008 ente
753 1943 903 2028 promisi,
926 1942 1099 2008 habebunt
1115 1941 1160 2006 sui

106 2030 128 2070 V
148 2031 291 2095 muueris
314 2031 475 2114 peculiare
494 2036 663 2096 secretum.
700 2031 886 2097 consulatus
908 2031 962 2095 hic
981 2052 1076 2096 meus
1095 2034 1160 2096 orat

98 2099 129 2147 ¹2
149 2123 247 2202 atque
275 2119 437 2203 obsecrat,
465 2122 503 2183 ut
525 2120 701 2186 obnoxiam
724 2120 786 2185 tibi
808 2120 864 2184 uni
888 2119 977 2184 sinas
1001 2119 1075 2185 fieri
1098 2119 1161 2185 eius

148 2206 357 2292 dignitatem,
385 2228 482 2291 quem
509 2209 660 2273 omnibus
688 2207 883 2294 praetulisti.
925 2213 1008 2291 quot
1035 2208 1161 2293 quidem

97 2311 129 2361 13
149 2300 182 2360 et
204 2296 275 2379 ipse
299 2295 363 2361 sibi
386 2296 513 2362 inuenit
536 2298 670 2383 gradus!
703 2319 776 2363 cum
801 2296 982 2362 clarissimo
1005 2297 1080 2362 uiro
1102 2295 1191 2362 eol-a

150 2384 224 2470 lege
247 2405 320 2450 meo
342 2385 467 2450 honore
489 2387 694 2471 coniunctus,
721 2385 961 2469 nuncupatione
990 2387 1161 2470 praelatus,

148 2474 262 2540 consul
281 2494 351 2559 ego,
368 2475 547 2558 imperator
560 2475 720 2560 Auguste,
737 2496 868 2539 munere
886 2478 943 2539 tuo
962 2495 1031 2539 non
1050 2495 1161 2560 passus

150 2567 265 2647 saepta
282 2584 387 2647 neque
405 2585 565 2648 campum,
588 2584 653 2628 non
673 2564 835 2648 suffragia,
857 2585 923 2628 non
946 2568 1081 2647 puncta,
1103 2582 1161 2628 non

149 2651 285 2717 loculos:
315 2653 460 2736 quinon
483 2653 704 2736 prensauerim
728 2675 844 2718 manus
867 2674 927 2717 nec
951 2652 1161 2717 salutantium

149 2739 303 2805 confusus
331 2762 466 2805 occursu
493 2745 551 2806 aut
578 2763 637 2806 sua
664 2740 778 2806 amicis
805 2741 938 2806 nomina
965 2761 1033 2806 non
1063 2738 1193 2806 reddi-⁸⁵

150 2827 264 2911 derim,
298 2833 356 2892 aut
388 2830 495 2895 aliena
526 2830 751 2913 imposuerim:
783 2831 838 2914 qui
870 2828 977 2894 tribus
1009 2849 1079 2894 non
1110 2828 1162 2893 eir-

149 2916 283 2998 oumiui,
311 2918 473 2982 centurias
503 2940 570 2983 non
594 2918 738 3002 adulaui,
766 2919 892 2984 uocatis
916 2917 1080 2983 elassibus
1103 2937 1162 2983 uon

148 3005 315 3087 intremui,
345 3004 429 3069 nihil
451 3027 524 3070 cum
549 3011 715 3091 sequestre
738 3007 887 3091 deposui,
919 3027 993 3070 cunr
1017 3006 1162 3072 distribu-

148 3095 220 3156 tore
249 3093 296 3155 nil
323 3093 443 3178 pepigi.
480 3093 647 3161 Romanus
674 3096 828 3180 populus,
856 3095 996 3161 Martius
1025 3115 1163 3179 campus,

221 3273 255 3322 61
274 3266 440 3323 foelicitatis
462 3268 488 3323 Τ
556 3275 662 3325 641111
683 3269 736 3325 To
754 3286 845 3339 neque
864 3269 902 3322 M
960 3275 996 3325 66
1015 3268 1162 3340 aliquando

150 3337 278 3409 Souctap
351 3341 551 3396 68111111111
570 3340 596 3394 0
669 3341 767 3412 6911]
791 3341 871 3396 adG
945 3346 980 3394 79.
1000 3340 1128 3410 parteG

151 3413 185 3463 73
203 3409 347 3464 beneficiis
368 3411 394 3464 Τ
465 3416 498 3466 76
517 3410 661 3466 desiderat
681 3415 702 3466 Z
719 3412 860 3467 desideret
880 3410 941 3466 Yoll

221 3478 261 3534 111
281 3482 376 3536 76111
395 3482 518 3537 muneris
536 3498 587 3537 om.
604 3483 630 3537 Τ
692 3483 866 3539 7611111111
888 3482 914 3535 Τ
974 3488 1009 3537 79
1029 3481 1162 3553 dignitate

154 3549 195 3621 ΤΙ
212 3552 283 3618 quot
299 3552 360 3607 Toll
377 3552 452 3634 quod
471 3554 506 3620 Z,
524 3554 630 3622 flqnod
650 3553 764 3622 quidem
783 3555 813 3610 et
830 3554 921 3623 ipsum
940 3556 1013 3621 quot
1030 3553 1089 3610 sibi
1106 3552 1124 3608 1.
1139 3568 1163 3622 g.

189 3626 224 3675 80
242 3621 363 3690 inuenit]
380 3624 472 3678 iunxit
488 3625 589 3693 Haupt
644 3631 677 3680 82
697 3624 737 3679 mi
755 3626 789 3696 pi
811 3625 935 3695 Tlaug.
955 3624 983 3679 G
1039 3631 1077 3681 61
1095 3640 1163 3696 prae·

154 3692 274 3748 sanerim
295 3692 361 3747 ΤΜ
383 3711 588 3764 prsensaueram
607 3695 633 3750 G
658 3700 663 3764 Ι
687 3697 860 3751 salutantum
877 3696 915 3750 M
984 3701 1021 3752 86
1040 3698 1165 3752 1111111

153 3762 259 3835 aliene]
278 3766 310 3818 ut
330 3765 366 3818 M
385 3767 391 3834 Ι
415 3765 530 3822 circuiui
550 3766 575 3819 Τ
627 3773 661 3824 67
681 3767 802 3839 uocatis]
821 3769 882 3823 iure
901 3767 1013 3822 uocatis
1030 3767 1165 3824 cmm

189 3838 224 3889 66
243 3835 369 3960 qisposui
387 3836 504 3894 Schenkl
520 3853 594 3907 saep.
615 3841 620 3906 Ι
644 3837 792 3895 diribitore
810 3838 877 3895 Par.
941 3843 977 3893 69
996 3839 1102 3909 pepegi
1120 3836 1163 3905 ΤΙ

154 3921 221 3959 rom.
