2430 4274
489 566 644 631 -405
693 603 730 612 -

550 809 664 864 XXIIII.

261 912 390 1040 ξΕρμῆς
407 914 439 970 <n
459 911 557 997 ψυχὰςΙ
572 911 728 985 Κυλλήνιος
747 912 927 1000 teceamus>

288 988 428 1042 attaraam
446 990 531 1042 uocat
549 1004 578 1040 m
597 988 691 1041 sedem
712 985 852 1056 Cyllenaea
870 987 989 1042 umbras.

167 1113 344 1179 Procerum
372 1114 498 1177 animas
525 1112 645 1178 recenti
674 1117 708 1178 et
730 1115 892 1179 communi
921 1114 1016 1180 caede
1040 1136 1114 1180 con·

101 1207 211 1289 gestas
227 1203 419 1267 cateruatim
434 1201 613 1267 Mercurius
633 1202 673 1267 ad
692 1202 821 1268 inferna
836 1201 1011 1286 compellit.
1038 1208 1116 1268 tunc

100 1291 186 1356 circa
199 1291 479 1375 Agamemnonem
498 1312 610 1355 manos
634 1290 755 1357 heroici
774 1295 1021 1378 congregantur.
1054 1292 1113 1355 mi·
1134 1309 1149 1358 5

100 1378 229 1464 ratique
257 1379 416 1444 lectorum
439 1379 592 1444 iuuenum
615 1401 809 1467 congregem
833 1380 1025 1446 densitatem
1049 1401 1114 1464 uno

99 1469 230 1552 agmine
249 1470 483 1533 commeantem
499 1489 612 1532 causas
632 1468 828 1534 interitionis
843 1469 1015 1553 accipiunt.
1044 1473 1114 1534 tum

99 1558 187 1640 apud
209 1556 331 1623 iufaros
356 1578 484 1641 quoque
506 1556 612 1621 uirtus
630 1554 738 1621 Vlixis
762 1562 795 1622 et
818 1556 1001 1640 Penelopae
1024 1556 1115 1642 pudi-

99 1645 178 1711 citia
200 1645 442 1729 praedicantur,
470 1644 512 1709 ab
536 1645 782 1730 Agamemnone
806 1668 884 1731 prae
908 1646 1038 1730 ceteris,
1063 1647 1113 1711 cni

99 1734 211 1819 dispar
238 1733 346 1798 fuerat
368 1733 403 1797 in
426 1736 564 1816 utroque
587 1733 727 1799 fortuna.
765 1732 877 1798 Vlixes
901 1733 940 1798 ad
963 1732 1114 1799 Laertem
1134 1752 1164 1801 10

99 1827 226 1908 patrem
245 1823 279 1886 ln
293 1841 409 1905 agrum
428 1821 592 1904 profectus
611 1822 778 1906 inopinato
793 1827 827 1887 et
840 1822 945 1887 reditu
960 1826 1112 1886 atrorum

100 1914 266 1996 gestarum
289 1911 396 1975 relatu
415 1909 518 1974 afficit
538 1931 660 1973 senem:
684 1909 826 1975 affieItur
845 1910 886 1975 ab
906 1931 944 1975 eo
964 1909 1114 1997 cognitis,

99 2021 180 2084 quas
196 1999 406 2079 exundasset,
421 1998 591 2063 aerumnis.
620 1999 756 2064 subinde
771 2004 803 2064 et
820 2002 928 2083 patras
942 2020 1114 2084 procorum

98 2109 195 2153 neces
217 2088 371 2153 iuuenum
394 2091 573 2172 properant
595 2088 701 2152 ultum
724 2089 785 2153 ire:
809 2088 1006 2173 consilioque
1029 2091 1063 2153 et
1081 2087 1113 2152 ui

99 2177 345 2242 communicatis
365 2180 440 2241 ante
460 2179 663 2260 expectatum
682 2196 762 2261 agro
782 2177 1022 2261 superueniunt.
1054 2176 1111 2241 sed
1132 2194 1166 2244 15

99 2286 155 2329 eos
188 2265 253 2330 iam
287 2265 473 2331 comitatior
503 2263 616 2330 Vlixes
648 2265 756 2331 fundit
786 2266 951 2352 fugatque.
997 2287 1111 2330 uerum

99 2353 312 2439 gliscentibus
341 2349 433 2419 'odiis
466 2356 500 2417 et
530 2353 652 2418 maiora
690 2352 847 2419 aedit-ione
884 2357 941 2419 aut
972 2353 1112 2419 tumultu

98 2446 269 2525 expectato
297 2464 336 2507 ex
359 2443 523 2507 sententia
545 2441 634 2507 Iouis
657 2441 692 2506 in
714 2442 860 2507 Ithacam
884 2440 1033 2506 Minerua
1059 2441 1112 2506 de·

99 2530 225 2595 scendit
249 2536 282 2596 et
309 2531 482 2596 conciliata
510 2531 673 2613 utrimque
701 2552 780 2612 pace
808 2530 916 2595 studia
943 2533 977 2594 et
1003 2532 1112 2594 motus

97 2618 241 2703 partium
264 2641 372 2684 rerum
395 2624 559 2704 gestarum
584 2619 762 2689 abolitione
786 2618 960 2702 componit
1130 2635 1165 2685 20

98 2762 312 2770 ————.·—

170 2845 275 2900 XXIIII
296 2850 309 2898 1
329 2863 379 2902 om.
398 2845 425 2898 P
496 2845 635 2900 3retenti
655 2844 684 2898 P
706 2847 712 2914 Ι
737 2845 848 2900 comuni
868 2845 897 2900 P
964 2849 1112 2915 bugame-

96 2933 200 2973 nonem
229 2918 257 2971 P
337 2918 584 2971 ‘lcommeantum
607 2915 747 2972 Graculus
828 2917 956 2972 aulixes
981 2916 1010 2971 P
1079 2920 1112 2970 10

94 2988 187 3043 laerte
202 2988 231 3042 P
286 2993 317 3042 11
336 2988 404 3058 inop
424 2987 504 3041 inatu
524 2990 553 3042 et
568 2988 597 3041 P
614 2986 695 3058 (corr.
710 2988 817 3055 Poris.)
835 2991 864 3043 at
881 2987 1027 3058 inopinato
1046 2986 1113 3042 Sca·

95 3060 165 3129 liger
232 3063 265 3112 12
288 3059 366 3114 elatu
384 3006 451 3116 aiot
469 3063 495 3126 (c
513 3074 552 3114 on
570 3061 615 3128 et)
635 3058 663 3111 P
686 3058 782 3114 affecit
805 3059 831 3114 V
847 3061 931 3115 cletus
999 3063 1032 3112 14
1050 3058 1113 3112 ultn

93 3129 138 3184 ire
155 3129 185 3183 P
207 3130 258 3199 (nie
280 3128 342 3185 ultu
366 3128 421 3184 isse
447 3129 525 3184 Aoit.
549 3145 588 3198 ep.
609 3132 692 3199 7212.
710 3135 798 3197 90,7
843 3133 862 3199 .)
936 3135 968 3184 16
991 3129 1022 3183 in
1044 3145 1112 3199 agro

94 3200 214 3255 Schenkl
270 3206 301 3254 11
321 3200 442 3256 maiores
457 3199 609 3255 seditiones
620 3201 649 3255 P
659 3217 728 3256 corr.
736 3200 881 3256 Acontius
936 3205 969 3254 18
984 3201 1112 3269 spectato

92 3273 124 3327 P
139 3288 209 3328 corr.
228 3273 348 3342 Patiar!
369 3270 521 3342 sententia]
540 3277 601 3325 ama
620 3270 648 3323 P
665 3276 669 3340 Ι
691 3274 802 3340 ytacam
824 3273 852 3325 P
