2430 4274
564 535 781 602 -22..

164 679 298 746 aethera
318 698 509 763 percurrens
532 697 710 762 numquam
732 674 1077 761 Cynosuridosureae

92 788 145 838 ιιο
164 768 296 855 segnior
318 767 359 833 ab
383 768 478 853 lapsu
501 765 715 849 conuertitur,
737 764 820 831 baut
842 765 957 850 proeul
980 768 1074 832 astro

163 857 253 922 uisus
270 857 365 942 equi,
388 875 507 942 magno
530 854 653 920 celsum
677 857 766 920 seeat
789 875 866 920 aera
888 857 993 920 motu

162 945 292 1031 parcior
313 945 368 1010 hie
390 945 507 1010 rutilae
531 964 657 1028 semper
678 942 775 1027 faeie,
795 942 963 1028 indigus
951 942 1079 1029 iguis

164 1037 329 1118 speetatur
350 1033 439 1098 iusti
483 1053 561 1098 nam
584 1032 698 1116 quanti
719 1031 852 1097 luminis
876 1036 969 1097 astra

163 1143 234 1188 esse
257 1122 378 1205 solent,
401 1122 502 1187 aciem
526 1121 644 1206 quibus
668 1141 767 1186 aurea
788 1120 867 1185 luna
888 1120 1049 1205 retundit,

92 1229 144 1280 ιιι
164 1211 308 1277 meroida
330 1210 469 1296 lanigeri
491 1214 620 1274 tantum
644 1231 678 1274 se
702 1208 807 1275 forma
830 1208 891 1274 sub
915 1230 1012 1275 auras

163 1300 278 1378 exerit,
300 1299 335 1362 in
357 1298 448 1363 tenui
472 1318 668 1383 quamquam
691 1297 869 1382 primordia
890 1296 1047 1364 Phoeben

163 1388 240 1452 orbe
262 1386 407 1451 habeant
428 1385 582 1469 nulloque
605 1385 701 1452 decus
724 1386 785 1451 dea
806 1386 954 1471 proferat
976 1408 1044 1452 ore.

163 1475 218 1540 sed
242 1474 318 1540 lieet
339 1474 426 1539 hune
449 1473 551 1540 oeulis
573 1474 696 1541 frustra
719 1478 840 1540 sectere
862 1495 921 1560 per
943 1475 1107 1557 aethrem,

161 1585 238 1629 nem
263 1584 391 1647 semper
413 1563 554 1649 propriis
577 1566 666 1629 earet
688 1563 835 1649 ignibus:
858 1585 898 1628 en
920 1563 985 1628 tibi
1008 1567 1138 1648 propter

93 1670 145 1721 ιιι
162 1652 390 1718 Andromedae
413 1653 501 1718 clero
524 1651 695 1718 rutilantia
717 1651 850 1738 ringula
871 1652 907 1716 in
931 1655 1024 1717 astro

165 1740 380 1826 suspectanda
402 1743 524 1826 patent.
570 1744 668 1807 uocat
690 1741 806 1825 ingens
829 1739 959 1806 balteus
983 1741 1072 1807 ultro

164 1834 383 1915 quaerentem.
428 1851 495 1894 ιιοιι
518 1829 618 1914 longa
640 1828 725 1895 aries
750 1829 890 1895 statione
913 1829 1042 1895 locatus

163 1918 198 1983 in
221 1938 368 1984 connexa
390 1917 486 2000 redit,
509 1938 611 2002 paruo
635 1939 669 1982 se
692 1918 823 1983 tramite
846 1916 959 1982 subter

164 2006 297 2071 distinet
320 2010 353 2070 et
375 2006 482 2071 medio
507 2006 633 2070 eaelum
656 2006 738 2071 citus
763 2007 874 2071 ordine
897 2007 1013 2085 currit,

93 2110 144 2161 ιιι
163 2094 279 2159 ultima
303 2093 467 2159 obelorum
491 2115 555 2177 qua
578 2093 712 2160 brachia
734 2115 860 2179 quaque
882 2116 1021 2161 corusco

163 2183 300 2248 circulus
324 2203 383 2247 axe
406 2203 517 2247 means
540 2184 672 2248 rutilum
696 2188 785 2249 secat
808 2182 940 2249 Oriona

207 2272 270 2337 Est
292 2272 390 2336 etiam
415 2270 513 2336 Graio
538 2272 623 2357 quod
647 2293 773 2357 semper
796 2273 926 2337 nomine
949 2273 1054 2336 nostri

164 2361 340 2427 deltoton
363 2362 554 2425 memorent.
600 2360 705 2425 simile
727 2361 762 2426 in
785 2360 871 2425 latus
895 2360 984 2425 istud
1007 2365 1170 2447 utrumque

164 2449 358 2536 porrigitur,
381 2470 543 2514 summum
567 2449 662 2534 signo
685 2452 783 2534 caput
805 2449 944 2535 angulus
969 2453 1058 2514 artat

93 2556 145 2606 5³0
165 2542 198 2602 et
220 2538 342 2624 gemini
366 2559 518 2622 suprema
540 2537 610 2623 iugi
632 2538 753 2603 uicinia
775 2538 911 2603 mordet

163 2627 262 2692 tertia
285 2647 366 2710 quae
390 2629 514 2691 stantes
539 2629 702 2691 sustentat
724 2626 811 2691 linea
832 2625 963 2710 ductus,

163 2715 305 2799 parcior,
328 2716 409 2779 haut
431 2715 531 2779 simili
554 2736 623 2779 sese
647 2716 707 2780 sub
730 2716 833 2780 limite
855 2715 962 2780 tendit

164 2809 197 2868 et
220 2807 388 2868 contracta
410 2802 541 2867 modum
565 2803 697 2888 gemina
718 2801 788 2869 face
810 2804 1088 2888 flammigerarum

163 2892 331 2956 stellarum
355 2895 495 2975 superat
541 2892 621 2975 quin
644 2897 676 2957 et
699 2914 763 2977 qua
786 2892 898 2958 subter
920 2893 955 2958 in
978 2898 1068 2960 estro

92 2996 144 3046 ιιι
162 2978 267 3043 lanati
289 2984 435 3044 marcent
458 2981 584 3064 peeoris
608 2980 782 3066 pluuioque
804 2985 976 3067 tepescunt

233 3231 285 3281 510
310 3225 345 3280 ab
368 3225 449 3296 lapsu
467 3227 495 3280 A
518 3225 603 3296 ablap
606 3244 637 3280 su
661 3225 688 3278 V
707 3227 742 3292 cs.
762 3225 876 3280 Hermes
895 3226 959 3279 XV
971 3244 1002 3296 p.
1022 3233 1080 3284 186
1098 3246 1125 3284 ιι.
1143 3230 1172 3283 ιι

162 3301 214 3351 513
234 3299 376 3366 spectatur
394 3298 463 3368 Vsp
466 3299 573 3353 eetetor
586 3298 614 3350 A
660 3302 712 3351 522
731 3298 840 3352 locatus
861 3296 912 3351 VA
926 3301 1054 3355 remotus
1068 3299 1173 3355 θιιιίιιι

161 3369 196 3432 cf.
211 3367 325 3422 Ηιιιιιιι
345 3368 458 3438 XIIp.
479 3373 532 3424 154
550 3385 577 3424 ιι.
592 3373 628 3423 19
681 3384 708 3424 ιι
728 3372 786 3424 527
804 3368 967 3423 inscribitur
980 3366 1173 3425 DEL'l'OTOh'

166 3436 216 3491 VA
289 3443 341 3493 628
365 3439 486 3495 simile'
478 3456 508 3493 m
525 3439 599 3493 latus
618 3438 646 3492 A
664 3455 733 3494 corr.
759 3438 835 3507 Vas.
855 3438 969 3494 Hermes
989 3440 1066 3495 XII
1079 3458 1109 3511 p.
1127 3444 1173 3498 154

160 3523 189 3560 ιι.
207 3510 245 3562 20
336 3514 388 3564 529
412 3528 550 3565 summum
574 3525 642 3565 corr.
668 3510 694 3563 V
715 3526 824 3566 summo
842 3510 870 3564 A
960 3515 1012 3565 6³1
1033 3509 1176 3567 ducturi

161 3577 261 3633 doctos
278 3578 307 3631 A
397 3587 448 3635 532
468 3582 539 3636 haut
560 3583 667 3637 corrasi
689 3581 766 3636 haud
789 3599 805 3635 o
828 3582 879 3635 aut
900 3580 999 3650 VAel
1020 3582 1073 3637 sub
1091 3583 1173 3638 limite

161 3648 253 3703 tendit
276 3648 303 3702 V
322 3650 440 3706 sublime
461 3652 584 3707 tetendit
602 3651 629 3705 A
685 3658 736 3707 633
756 3651 1052 3724 geminasgeminas
1075 3653 1116 3708 Ve
1133 3669 1173 3723 ge

161 3717 291 3843 iiiiii
346 3725 399 3775 634
417 3723 563 3779 stellarum
581 3724 608 3778 A
628 3721 818 3779 stellarumV
871 3728 923 3778 635
941 3725 1053 3793 pecoris
1071 3726 1099 3779 A
1116 3741 1173 3795 pee-
