<?xml version="1.0" encoding="UTF-8"?>
<!DOCTYPE html PUBLIC "-//W3C//DTD XHTML 1.0 Transitional//EN"
    "http://www.w3.org/TR/xhtml1/DTD/xhtml1-transitional.dtd">
<html xmlns="http://www.w3.org/1999/xhtml" xml:lang="en" lang="en">
 <head>
  <title>
</title>
<meta http-equiv="Content-Type" content="text/html;charset=utf-8" />
  <meta name='ocr-system' content='tesseract 3.04.00' />
  <meta name='ocr-capabilities' content='ocr_page ocr_carea ocr_par ocr_line ocrx_word'/>
</head>
<body>
  <div class='ocr_page' id='page_1' title='image "./decimimagniavso00ausogoog_0077.png"; bbox 0 0 2430 4274; ppageno 0'>
   <div class='ocr_carea' id='block_1_1' title="bbox 364 17 1194 282">
    <p class='ocr_par' dir='ltr' id='par_1_1' title="bbox 364 17 1194 282">
     <span class='ocr_line' id='line_1_1' title="bbox 364 17 1194 282; baseline -0.013 0"><span class='ocrx_word' id='word_1_1' title='bbox 364 17 1194 282; x_wconf 70' lang='grc' dir='ltr'>Ε-</span> 
     </span>
    </p>
   </div>
   <div class='ocr_carea' id='block_1_2' title="bbox 482 535 754 583">
    <p class='ocr_par' dir='ltr' id='par_1_2' title="bbox 482 535 754 583">
     <span class='ocr_line' id='line_1_2' title="bbox 482 535 754 583; baseline -0.004 0"><span class='ocrx_word' id='word_1_2' title='bbox 482 555 520 566; x_wconf 95' lang='grc'>-</span> <span class='ocrx_word' id='word_1_3' title='bbox 567 535 668 583; x_wconf 80' lang='grc' dir='ltr'>ΙιΧΧΙῙ</span> <span class='ocrx_word' id='word_1_4' title='bbox 717 555 754 565; x_wconf 95' lang='grc'>-</span> 
     </span>
    </p>
   </div>
   <div class='ocr_carea' id='block_1_3' title="bbox 113 677 1131 1032">
    <p class='ocr_par' dir='ltr' id='par_1_3' title="bbox 113 677 1131 1032">
     <span class='ocr_line' id='line_1_3' title="bbox 113 677 1130 764; baseline -0.002 -18"><span class='ocrx_word' id='word_1_5' title='bbox 113 682 176 746; x_wconf 87' lang='lat' dir='ltr'>mis</span> <span class='ocrx_word' id='word_1_6' title='bbox 206 679 293 746; x_wconf 86' lang='lat' dir='ltr'>foliis</span> <span class='ocrx_word' id='word_1_7' title='bbox 321 679 543 764; x_wconf 72' lang='lat' dir='ltr'><strong>quaternionis</strong></span> <span class='ocrx_word' id='word_1_8' title='bbox 571 678 627 763; x_wconf 88' lang='lat' dir='ltr'>qui</span> <span class='ocrx_word' id='word_1_9' title='bbox 656 678 851 762; x_wconf 74' lang='lat' dir='ltr'>sequebatur</span> <span class='ocrx_word' id='word_1_10' title='bbox 879 677 1021 743; x_wconf 85' lang='lat' dir='ltr'>exscissa</span> <span class='ocrx_word' id='word_1_11' title='bbox 1044 683 1130 744; x_wconf 90' lang='lat' dir='ltr'>sunt.</span> 
     </span>
     <span class='ocr_line' id='line_1_4' title="bbox 113 765 1129 854; baseline -0.002 -20"><span class='ocrx_word' id='word_1_12' title='bbox 113 771 148 834; x_wconf 92' lang='lat' dir='ltr'>in</span> <span class='ocrx_word' id='word_1_13' title='bbox 177 769 295 854; x_wconf 88' lang='lat' dir='ltr'>quibua</span> <span class='ocrx_word' id='word_1_14' title='bbox 322 773 399 853; x_wconf 88' lang='lat' dir='ltr'>post</span> <span class='ocrx_word' id='word_1_15' title='bbox 421 767 565 833; x_wconf 82' lang='lat' dir='ltr'>Ennodii</span> <span class='ocrx_word' id='word_1_16' title='bbox 592 767 710 832; x_wconf 89' lang='lat' dir='ltr'>ultima</span> <span class='ocrx_word' id='word_1_17' title='bbox 732 766 870 833; x_wconf 90' lang='lat' dir='ltr'>Ausonii</span> <span class='ocrx_word' id='word_1_18' title='bbox 892 765 1032 832; x_wconf 77' lang='lat' dir='ltr'>Mosella</span> <span class='ocrx_word' id='word_1_19' title='bbox 1056 789 1129 833; x_wconf 87' lang='lat' dir='ltr'>enm</span> 
     </span>
     <span class='ocr_line' id='line_1_5' title="bbox 114 855 1131 943; baseline -0.002 -20"><span class='ocrx_word' id='word_1_20' title='bbox 114 856 303 943; x_wconf 80' lang='lat' dir='ltr'>Symmachi</span> <span class='ocrx_word' id='word_1_21' title='bbox 336 857 476 940; x_wconf 81' lang='lat' dir='ltr'>epistula</span> <span class='ocrx_word' id='word_1_22' title='bbox 508 856 630 940; x_wconf 88' lang='lat' dir='ltr'>scripta</span> <span class='ocrx_word' id='word_1_23' title='bbox 661 855 805 940; x_wconf 87' lang='lat' dir='ltr'>fuerunt,</span> <span class='ocrx_word' id='word_1_24' title='bbox 839 855 923 940; x_wconf 89' lang='lat' dir='ltr'>quod</span> <span class='ocrx_word' id='word_1_25' title='bbox 952 856 1131 922; x_wconf 90' lang='lat' dir='ltr'>ostendunt</span> 
     </span>
     <span class='ocr_line' id='line_1_6' title="bbox 114 944 799 1032; baseline -0.004 -20"><span class='ocrx_word' id='word_1_26' title='bbox 114 946 313 1032; x_wconf 84' lang='lat' dir='ltr'>apographa,</span> <span class='ocrx_word' id='word_1_27' title='bbox 337 967 420 1030; x_wconf 89' lang='lat' dir='ltr'>quae</span> <span class='ocrx_word' id='word_1_28' title='bbox 443 946 530 1010; x_wconf 83' lang='lat' dir='ltr'>infra</span> <span class='ocrx_word' id='word_1_29' title='bbox 552 944 799 1010; x_wconf 78' lang='lat' dir='ltr'>recensebimus.</span> 
     </span>
    </p>
   </div>
   <div class='ocr_carea' id='block_1_4' title="bbox 111 1049 1131 1228">
    <p class='ocr_par' dir='ltr' id='par_1_4' title="bbox 111 1049 1131 1228">
     <span class='ocr_line' id='line_1_7' title="bbox 180 1049 1131 1118; baseline -0.001 -1"><span class='ocrx_word' id='word_1_30' title='bbox 180 1053 202 1118; x_wconf 86' lang='lat' dir='ltr'>f.</span> <span class='ocrx_word' id='word_1_31' title='bbox 225 1053 398 1117; x_wconf 78' lang='lat'>117-118</span> <span class='ocrx_word' id='word_1_32' title='bbox 432 1050 573 1118; x_wconf 81' lang='lat' dir='ltr'>Ausonii</span> <span class='ocrx_word' id='word_1_33' title='bbox 605 1049 761 1117; x_wconf 82' lang='lat' dir='ltr'>Caesares</span> <span class='ocrx_word' id='word_1_34' title='bbox 790 1051 826 1116; x_wconf 90' lang='lat' dir='ltr'>.i.</span> <span class='ocrx_word' id='word_1_35' title='bbox 858 1051 1064 1116; x_wconf 83' lang='lat' dir='ltr'>monosticha</span> <span class='ocrx_word' id='word_1_36' title='bbox 1095 1055 1131 1117; x_wconf 86' lang='lat' dir='ltr'>et</span> 
     </span>
     <span class='ocr_line' id='line_1_8' title="bbox 111 1137 1130 1228; baseline -0.003 -21"><span class='ocrx_word' id='word_1_37' title='bbox 111 1141 328 1207; x_wconf 72' lang='lat' dir='ltr'>tetrastichon</span> <span class='ocrx_word' id='word_1_38' title='bbox 343 1141 501 1207; x_wconf 85' lang='lat' dir='ltr'>u.1-80.</span> <span class='ocrx_word' id='word_1_39' title='bbox 526 1138 580 1226; x_wconf 89' lang='lat' dir='ltr'>(de</span> <span class='ocrx_word' id='word_1_40' title='bbox 595 1140 711 1224; x_wconf 91' lang='lat' dir='ltr'>quibus</span> <span class='ocrx_word' id='word_1_41' title='bbox 726 1139 791 1205; x_wconf 91' lang='lat' dir='ltr'>uid.</span> <span class='ocrx_word' id='word_1_42' title='bbox 805 1160 902 1224; x_wconf 83' lang='lat' dir='ltr'>supra</span> <span class='ocrx_word' id='word_1_43' title='bbox 911 1162 943 1223; x_wconf 91' lang='lat' dir='ltr'>p.</span> <span class='ocrx_word' id='word_1_44' title='bbox 953 1137 1130 1228; x_wconf 72' lang='lat' dir='ltr'>Lullw)</span> 
     </span>
    </p>
   </div>
   <div class='ocr_carea' id='block_1_5' title="bbox 179 1247 531 1313">
    <p class='ocr_par' dir='ltr' id='par_1_5' title="bbox 179 1247 531 1313">
     <span class='ocr_line' id='line_1_9' title="bbox 179 1247 531 1313; baseline -0.009 -2"><span class='ocrx_word' id='word_1_45' title='bbox 179 1247 202 1313; x_wconf 89' lang='lat' dir='ltr'>f.</span> <span class='ocrx_word' id='word_1_46' title='bbox 222 1247 394 1311; x_wconf 83' lang='lat'>119—121</span> <span class='ocrx_word' id='word_1_47' title='bbox 420 1266 531 1310; x_wconf 83' lang='lat' dir='ltr'>uacua</span> 
     </span>
    </p>
   </div>
   <div class='ocr_carea' id='block_1_6' title="bbox 112 1350 1131 1705">
    <p class='ocr_par' dir='ltr' id='par_1_6' title="bbox 112 1350 1131 1705">
     <span class='ocr_line' id='line_1_10' title="bbox 180 1350 1131 1434; baseline 0.001 -18"><span class='ocrx_word' id='word_1_48' title='bbox 180 1353 201 1419; x_wconf 80' lang='lat' dir='ltr'>f.</span> <span class='ocrx_word' id='word_1_49' title='bbox 224 1352 398 1417; x_wconf 79' lang='lat'>122-142</span> <span class='ocrx_word' id='word_1_50' title='bbox 417 1350 556 1423; x_wconf 83' lang='lat' dir='ltr'>Ausonii</span> <span class='ocrx_word' id='word_1_51' title='bbox 575 1350 745 1434; x_wconf 88' lang='lat' dir='ltr'>opuscula:</span> <span class='ocrx_word' id='word_1_52' title='bbox 774 1358 873 1428; x_wconf 83' lang='lat' dir='ltr'>„Quod</span> <span class='ocrx_word' id='word_1_53' title='bbox 891 1362 1067 1430; x_wconf 82' lang='lat' dir='ltr'>compertum</span> <span class='ocrx_word' id='word_1_54' title='bbox 1085 1365 1131 1417; x_wconf 85' lang='lat' dir='ltr'>eat</span> 
     </span>
     <span class='ocr_line' id='line_1_11' title="bbox 112 1439 1129 1524; baseline 0 -18"><span class='ocrx_word' id='word_1_55' title='bbox 112 1467 147 1506; x_wconf 85' lang='lat' dir='ltr'>ex</span> <span class='ocrx_word' id='word_1_56' title='bbox 165 1450 238 1505; x_wconf 89' lang='lat' dir='ltr'>libro</span> <span class='ocrx_word' id='word_1_57' title='bbox 256 1450 355 1522; x_wconf 86' lang='lat' dir='ltr'>Magni</span> <span class='ocrx_word' id='word_1_58' title='bbox 368 1448 486 1505; x_wconf 84' lang='lat' dir='ltr'>Ausonii</span> <span class='ocrx_word' id='word_1_59' title='bbox 503 1451 586 1520; x_wconf 87' lang='lat' dir='ltr'>poete</span> <span class='ocrx_word' id='word_1_60' title='bbox 601 1443 752 1517; x_wconf 86' lang='lat' dir='ltr'>sequitur“.</span> <span class='ocrx_word' id='word_1_61' title='bbox 770 1443 878 1524; x_wconf 81' lang='lat' dir='ltr'>&#39;atquc</span> <span class='ocrx_word' id='word_1_62' title='bbox 896 1439 918 1506; x_wconf 88' lang='lat' dir='ltr'>f.</span> <span class='ocrx_word' id='word_1_63' title='bbox 936 1440 997 1504; x_wconf 88' lang='grc'>141</span> <span class='ocrx_word' id='word_1_64' title='bbox 1016 1440 1129 1506; x_wconf 85' lang='lat' dir='ltr'>finitur</span> 
     </span>
     <span class='ocr_line' id='line_1_12' title="bbox 112 1525 1129 1615; baseline 0.001 -21"><span class='ocrx_word' id='word_1_65' title='bbox 112 1529 377 1615; x_wconf 81' lang='lat' dir='ltr'>Technopaegnii</span> <span class='ocrx_word' id='word_1_66' title='bbox 395 1552 425 1594; x_wconf 89' lang='lat' dir='ltr'>u.</span> <span class='ocrx_word' id='word_1_67' title='bbox 442 1529 504 1593; x_wconf 78' lang='lat'>107</span> <span class='ocrx_word' id='word_1_68' title='bbox 521 1527 595 1614; x_wconf 81' lang='lat' dir='ltr'><strong><em>(XII,</em></strong></span> <span class='ocrx_word' id='word_1_69' title='bbox 611 1525 651 1613; x_wconf 74' lang='grc' dir='ltr'>τ),</span> <span class='ocrx_word' id='word_1_70' title='bbox 669 1527 904 1593; x_wconf 87' lang='lat' dir='ltr'>interciderunt</span> <span class='ocrx_word' id='word_1_71' title='bbox 919 1531 1027 1594; x_wconf 88' lang='lat' dir='ltr'>cetera</span> <span class='ocrx_word' id='word_1_72' title='bbox 1045 1551 1129 1614; x_wconf 87' lang='lat' dir='ltr'>quae</span> 
     </span>
     <span class='ocr_line' id='line_1_13' title="bbox 112 1616 1129 1705; baseline 0.001 -22"><span class='ocrx_word' id='word_1_73' title='bbox 112 1619 147 1684; x_wconf 91' lang='lat' dir='ltr'>in</span> <span class='ocrx_word' id='word_1_74' title='bbox 169 1619 203 1684; x_wconf 86' lang='lat' dir='ltr'><em>Z</em></span> <span class='ocrx_word' id='word_1_75' title='bbox 222 1619 389 1705; x_wconf 80' lang='lat' dir='ltr'>leguntu13</span> <span class='ocrx_word' id='word_1_76' title='bbox 416 1640 516 1682; x_wconf 91' lang='lat' dir='ltr'>uuum</span> <span class='ocrx_word' id='word_1_77' title='bbox 539 1617 662 1682; x_wconf 88' lang='lat' dir='ltr'>restitit</span> <span class='ocrx_word' id='word_1_78' title='bbox 683 1616 835 1682; x_wconf 91' lang='lat' dir='ltr'>ultimum</span> <span class='ocrx_word' id='word_1_79' title='bbox 857 1616 973 1682; x_wconf 90' lang='lat' dir='ltr'>folium</span> <span class='ocrx_word' id='word_1_80' title='bbox 996 1617 1070 1704; x_wconf 80' lang='lat'><strong>142,</strong></span> <span class='ocrx_word' id='word_1_81' title='bbox 1093 1619 1129 1683; x_wconf 90' lang='lat' dir='ltr'>in</span> 
     </span>
    </p>
   </div>
   <div class='ocr_carea' id='block_1_7' title="bbox 112 1705 1129 2130">
    <p class='ocr_par' dir='ltr' id='par_1_7' title="bbox 136 1705 1128 1790">
     <span class='ocr_line' id='line_1_14' title="bbox 136 1705 1128 1790; baseline 0.001 -18"><span class='ocrx_word' id='word_1_82' title='bbox 136 1729 176 1773; x_wconf 93' lang='lat' dir='ltr'>uo</span> <span class='ocrx_word' id='word_1_83' title='bbox 195 1709 334 1773; x_wconf 89' lang='lat' dir='ltr'>habetur</span> <span class='ocrx_word' id='word_1_84' title='bbox 347 1706 480 1773; x_wconf 80' lang='lat' dir='ltr'>Bissula</span> <span class='ocrx_word' id='word_1_85' title='bbox 498 1706 620 1772; x_wconf 88' lang='lat' dir='ltr'>omisso</span> <span class='ocrx_word' id='word_1_86' title='bbox 638 1709 749 1770; x_wconf 89' lang='lat' dir='ltr'>tamen</span> <span class='ocrx_word' id='word_1_87' title='bbox 762 1705 879 1771; x_wconf 90' lang='lat' dir='ltr'>ultimo</span> <span class='ocrx_word' id='word_1_88' title='bbox 893 1705 1128 1790; x_wconf 85' lang='lat' dir='ltr'>epigrammate</span> 
     </span>
    </p>

    <p class='ocr_par' dir='ltr' id='par_1_8' title="bbox 112 1730 1129 1952">
     <span class='ocr_line' id='line_1_15' title="bbox 113 1730 1129 1884; baseline -0.005 -22"><span class='ocrx_word' id='word_1_89' title='bbox 113 1730 176 1884; x_wconf 47' lang='lat' dir='ltr'>IVL</span> <span class='ocrx_word' id='word_1_90' title='bbox 195 1793 270 1884; x_wconf 86' lang='lat'><strong>331).</strong></span> <span class='ocrx_word' id='word_1_91' title='bbox 311 1797 404 1862; x_wconf 63' lang='lat'>142³:</span> <span class='ocrx_word' id='word_1_92' title='bbox 437 1802 496 1871; x_wconf 89' lang='lat' dir='ltr'>„De</span> <span class='ocrx_word' id='word_1_93' title='bbox 519 1801 573 1857; x_wconf 91' lang='lat' dir='ltr'>hoc</span> <span class='ocrx_word' id='word_1_94' title='bbox 596 1816 680 1870; x_wconf 89' lang='lat' dir='ltr'>opere</span> <span class='ocrx_word' id='word_1_95' title='bbox 703 1802 835 1870; x_wconf 84' lang='lat' dir='ltr'>corrupto</span> <span class='ocrx_word' id='word_1_96' title='bbox 857 1801 890 1854; x_wconf 88' lang='lat' dir='ltr'>ut</span> <span class='ocrx_word' id='word_1_97' title='bbox 911 1799 1065 1870; x_wconf 84' lang='lat' dir='ltr'>plurimum</span> <span class='ocrx_word' id='word_1_98' title='bbox 1087 1801 1129 1857; x_wconf 89' lang='lat' dir='ltr'>nil</span> 
     </span>
     <span class='ocr_line' id='line_1_16' title="bbox 112 1877 880 1952; baseline -0.008 -15"><span class='ocrx_word' id='word_1_99' title='bbox 112 1882 230 1937; x_wconf 80' lang='lat' dir='ltr'>ulterius</span> <span class='ocrx_word' id='word_1_100' title='bbox 249 1883 340 1952; x_wconf 88' lang='lat' dir='ltr'>reperi</span> <span class='ocrx_word' id='word_1_101' title='bbox 359 1881 480 1952; x_wconf 87' lang='lat' dir='ltr'>(repperi</span> <span class='ocrx_word' id='word_1_102' title='bbox 497 1880 557 1949; x_wconf 82' lang='lat' dir='ltr'>m.¹)</span> <span class='ocrx_word' id='word_1_103' title='bbox 576 1881 606 1934; x_wconf 86' lang='lat' dir='ltr'>et</span> <span class='ocrx_word' id='word_1_104' title='bbox 623 1879 687 1935; x_wconf 91' lang='lat' dir='ltr'>ideo</span> <span class='ocrx_word' id='word_1_105' title='bbox 705 1877 880 1950; x_wconf 79' lang='lat' dir='ltr'>explicit.“*)</span> 
     </span>
    </p>

    <p class='ocr_par' dir='ltr' id='par_1_9' title="bbox 180 1953 1129 2043">
     <span class='ocr_line' id='line_1_17' title="bbox 180 1953 1129 2043; baseline 0.001 -23"><span class='ocrx_word' id='word_1_106' title='bbox 180 1956 291 2022; x_wconf 87' lang='lat' dir='ltr'>Verba</span> <span class='ocrx_word' id='word_1_107' title='bbox 314 1955 439 2020; x_wconf 85' lang='lat' dir='ltr'>Graeca</span> <span class='ocrx_word' id='word_1_108' title='bbox 462 1955 497 2018; x_wconf 91' lang='lat' dir='ltr'>in</span> <span class='ocrx_word' id='word_1_109' title='bbox 521 1953 567 2018; x_wconf 87' lang='lat' dir='ltr'><em>M</em></span> <span class='ocrx_word' id='word_1_110' title='bbox 584 1955 736 2039; x_wconf 88' lang='lat' dir='ltr'>leguntur</span> <span class='ocrx_word' id='word_1_111' title='bbox 759 1953 882 2038; x_wconf 80' lang='lat' dir='ltr'>omnia3</span> <span class='ocrx_word' id='word_1_112' title='bbox 913 1953 1003 2019; x_wconf 88' lang='lat' dir='ltr'>deest</span> <span class='ocrx_word' id='word_1_113' title='bbox 1026 1955 1129 2043; x_wconf 85' lang='lat' dir='ltr'>epigr.</span> 
     </span>
    </p>

    <p class='ocr_par' dir='ltr' id='par_1_10' title="bbox 113 2041 1128 2130">
     <span class='ocr_line' id='line_1_18' title="bbox 113 2041 1128 2130; baseline 0.003 -23"><span class='ocrx_word' id='word_1_114' title='bbox 113 2044 154 2108; x_wconf 90' lang='lat'>91</span> <span class='ocrx_word' id='word_1_115' title='bbox 176 2041 259 2130; x_wconf 89' lang='grc'>(80).</span> <span class='ocrx_word' id='word_1_116' title='bbox 295 2043 392 2108; x_wconf 89' lang='lat' dir='ltr'>huius</span> <span class='ocrx_word' id='word_1_117' title='bbox 420 2041 538 2108; x_wconf 89' lang='lat' dir='ltr'>codicis</span> <span class='ocrx_word' id='word_1_118' title='bbox 566 2042 724 2108; x_wconf 89' lang='lat' dir='ltr'>lectiones</span> <span class='ocrx_word' id='word_1_119' title='bbox 752 2064 791 2107; x_wconf 88' lang='lat' dir='ltr'>ex</span> <span class='ocrx_word' id='word_1_120' title='bbox 818 2046 979 2128; x_wconf 88' lang='lat' dir='ltr'>apparatu</span> <span class='ocrx_word' id='word_1_121' title='bbox 1007 2042 1128 2110; x_wconf 83' lang='lat' dir='ltr'>Schen-</span> 
     </span>
    </p>
   </div>
   <div class='ocr_carea' id='block_1_8' title="bbox 111 2130 460 2216">
    <p class='ocr_par' dir='ltr' id='par_1_11' title="bbox 111 2130 460 2216">
     <span class='ocr_line' id='line_1_19' title="bbox 111 2130 460 2216; baseline -0.003 -21"><span class='ocrx_word' id='word_1_122' title='bbox 111 2130 242 2196; x_wconf 82' lang='lat' dir='ltr'>keliano</span> <span class='ocrx_word' id='word_1_123' title='bbox 265 2131 460 2216; x_wconf 87' lang='lat' dir='ltr'>deprompsi.</span> 
     </span>
    </p>
   </div>
   <div class='ocr_carea' id='block_1_9' title="bbox 76 2234 1129 2940">
    <p class='ocr_par' dir='ltr' id='par_1_12' title="bbox 76 2234 1129 2940">
     <span class='ocr_line' id='line_1_20' title="bbox 178 2234 1129 2323; baseline 0.005 -23"><span class='ocrx_word' id='word_1_124' title='bbox 178 2235 321 2321; x_wconf 89' lang='lat' dir='ltr'>Iactura,</span> <span class='ocrx_word' id='word_1_125' title='bbox 348 2257 446 2320; x_wconf 87' lang='lat' dir='ltr'>quam</span> <span class='ocrx_word' id='word_1_126' title='bbox 470 2234 516 2299; x_wconf 88' lang='lat' dir='ltr'><strong><em>M</em></strong></span> <span class='ocrx_word' id='word_1_127' title='bbox 532 2234 627 2321; x_wconf 87' lang='lat' dir='ltr'>feeit,</span> <span class='ocrx_word' id='word_1_128' title='bbox 655 2236 764 2321; x_wconf 89' lang='lat' dir='ltr'>aliquo</span> <span class='ocrx_word' id='word_1_129' title='bbox 788 2237 885 2303; x_wconf 90' lang='lat' dir='ltr'>modo</span> <span class='ocrx_word' id='word_1_130' title='bbox 908 2243 1129 2323; x_wconf 87' lang='lat' dir='ltr'>conpensatur</span> 
     </span>
     <span class='ocr_line' id='line_1_21' title="bbox 111 2323 1129 2483; baseline 0.006 -6"><span class='ocrx_word' id='word_1_131' title='bbox 111 2323 314 2478; x_wconf 63' lang='lat' dir='ltr'>reae</span> <span class='ocrx_word' id='word_1_132' title='bbox 334 2323 822 2480; x_wconf 58' lang='lat' dir='ltr'>lernaeam</span> <span class='ocrx_word' id='word_1_133' title='bbox 985 2327 1129 2483; x_wconf 60' lang='lat' dir='ltr'>aare</span> 
     </span>
     <span class='ocr_line' id='line_1_22' title="bbox 76 2435 1128 2588; baseline 0 -17"><span class='ocrx_word' id='word_1_134' title='bbox 76 2503 216 2571; x_wconf 68' lang='lat' dir='ltr'>atienae</span> <span class='ocrx_word' id='word_1_135' title='bbox 234 2502 279 2583; x_wconf 83' lang='lat' dir='ltr'>pl.</span> <span class='ocrx_word' id='word_1_136' title='bbox 297 2435 352 2567; x_wconf 73' lang='lat' dir='ltr'>LqI</span> <span class='ocrx_word' id='word_1_137' title='bbox 365 2523 388 2568; x_wconf 88' lang='lat' dir='ltr'>c.</span> <span class='ocrx_word' id='word_1_138' title='bbox 403 2503 501 2567; x_wconf 86' lang='lat' dir='ltr'><strong><em>XIII</em></strong></span> <span class='ocrx_word' id='word_1_139' title='bbox 523 2504 666 2587; x_wconf 77' lang='lat' dir='ltr'>membr,</span> <span class='ocrx_word' id='word_1_140' title='bbox 688 2463 723 2567; x_wconf 84' lang='lat' dir='ltr'>in</span> <span class='ocrx_word' id='word_1_141' title='bbox 747 2464 910 2588; x_wconf 62' lang='lat' dir='ltr'>quo&#39;posc</span> <span class='ocrx_word' id='word_1_142' title='bbox 927 2503 1128 2571; x_wconf 77' lang='lat' dir='ltr'>Mattianum</span> 
     </span>
     <span class='ocr_line' id='line_1_23' title="bbox 111 2588 1127 2675; baseline 0.003 -19"><span class='ocrx_word' id='word_1_143' title='bbox 111 2588 278 2675; x_wconf 86' lang='lat' dir='ltr'>Capellam</span> <span class='ocrx_word' id='word_1_144' title='bbox 312 2592 497 2657; x_wconf 90' lang='lat' dir='ltr'>continetur</span> <span class='ocrx_word' id='word_1_145' title='bbox 524 2592 544 2655; x_wconf 89' lang='lat' dir='ltr'>f.</span> <span class='ocrx_word' id='word_1_146' title='bbox 570 2591 631 2657; x_wconf 87' lang='lat'>151</span> <span class='ocrx_word' id='word_1_147' title='bbox 666 2591 805 2656; x_wconf 87' lang='lat' dir='ltr'>Ausonii</span> <span class='ocrx_word' id='word_1_148' title='bbox 832 2590 971 2657; x_wconf 89' lang='lat' dir='ltr'>Mosella</span> <span class='ocrx_word' id='word_1_149' title='bbox 1003 2594 1127 2660; x_wconf 86' lang='lat' dir='ltr'>omisso</span> 
     </span>
     <span class='ocr_line' id='line_1_24' title="bbox 111 2678 1128 2757; baseline 0.003 -18"><span class='ocrx_word' id='word_1_150' title='bbox 111 2678 227 2744; x_wconf 89' lang='lat' dir='ltr'>ultimo</span> <span class='ocrx_word' id='word_1_151' title='bbox 247 2702 357 2745; x_wconf 85' lang='lat' dir='ltr'>uersu:</span> <span class='ocrx_word' id='word_1_152' title='bbox 375 2684 497 2756; x_wconf 85' lang='lat' dir='ltr'>„Incipit</span> <span class='ocrx_word' id='word_1_153' title='bbox 515 2687 704 2756; x_wconf 80' lang='lat' dir='ltr'>fragmentum</span> <span class='ocrx_word' id='word_1_154' title='bbox 722 2684 841 2741; x_wconf 86' lang='lat' dir='ltr'>Ausonii</span> <span class='ocrx_word' id='word_1_155' title='bbox 863 2688 982 2756; x_wconf 86' lang='lat' dir='ltr'>poetae“</span> <span class='ocrx_word' id='word_1_156' title='bbox 1000 2686 1128 2757; x_wconf 87' lang='lat' dir='ltr'>-.,‚Ex·</span> 
     </span>
     <span class='ocr_line' id='line_1_25' title="bbox 110 2767 1128 2853; baseline 0.007 -26"><span class='ocrx_word' id='word_1_157' title='bbox 110 2773 194 2842; x_wconf 81' lang='lat' dir='ltr'>plicit</span> <span class='ocrx_word' id='word_1_158' title='bbox 206 2774 345 2843; x_wconf 81' lang='lat' dir='ltr'>Moysella</span> <span class='ocrx_word' id='word_1_159' title='bbox 363 2774 507 2829; x_wconf 82' lang='lat' dir='ltr'>Ausonii“.</span> <span class='ocrx_word' id='word_1_160' title='bbox 535 2775 568 2832; x_wconf 86' lang='lat' dir='ltr'>et</span> <span class='ocrx_word' id='word_1_161' title='bbox 586 2768 696 2833; x_wconf 89' lang='lat' dir='ltr'>addita</span> <span class='ocrx_word' id='word_1_162' title='bbox 709 2772 760 2832; x_wconf 90' lang='lat' dir='ltr'>est</span> <span class='ocrx_word' id='word_1_163' title='bbox 774 2768 915 2852; x_wconf 88' lang='lat' dir='ltr'>epistula</span> <span class='ocrx_word' id='word_1_164' title='bbox 929 2767 1128 2853; x_wconf 85' lang='lat' dir='ltr'>Symmachi,</span> 
     </span>
     <span class='ocr_line' id='line_1_26' title="bbox 110 2853 1126 2940; baseline 0.003 -19"><span class='ocrx_word' id='word_1_165' title='bbox 110 2858 187 2939; x_wconf 90' lang='lat' dir='ltr'>post</span> <span class='ocrx_word' id='word_1_166' title='bbox 207 2878 304 2940; x_wconf 88' lang='lat' dir='ltr'>quam</span> <span class='ocrx_word' id='word_1_167' title='bbox 323 2860 503 2940; x_wconf 90' lang='lat' dir='ltr'>sequuntur</span> <span class='ocrx_word' id='word_1_168' title='bbox 522 2853 677 2921; x_wconf 82' lang='lat' dir='ltr'>Caesares</span> <span class='ocrx_word' id='word_1_169' title='bbox 697 2861 835 2922; x_wconf 90' lang='lat' dir='ltr'>monost.</span> <span class='ocrx_word' id='word_1_170' title='bbox 855 2861 889 2922; x_wconf 90' lang='lat' dir='ltr'>et</span> <span class='ocrx_word' id='word_1_171' title='bbox 910 2859 1037 2923; x_wconf 87' lang='lat' dir='ltr'>tetrast.</span> <span class='ocrx_word' id='word_1_172' title='bbox 1063 2860 1126 2924; x_wconf 87' lang='lat'>1-</span> 
     </span>
    </p>
   </div>
   <div class='ocr_carea' id='block_1_10' title="bbox 110 2944 1127 3102">
    <p class='ocr_par' dir='ltr' id='par_1_13' title="bbox 110 2944 1127 3102">
     <span class='ocr_line' id='line_1_27' title="bbox 111 2944 1127 3029; baseline -0.002 -19"><span class='ocrx_word' id='word_1_173' title='bbox 111 2945 163 3010; x_wconf 85' lang='lat'>80.</span> <span class='ocrx_word' id='word_1_174' title='bbox 188 2944 325 3029; x_wconf 87' lang='lat' dir='ltr'>denique</span> <span class='ocrx_word' id='word_1_175' title='bbox 335 2944 474 3010; x_wconf 81' lang='lat' dir='ltr'>Ausonii</span> <span class='ocrx_word' id='word_1_176' title='bbox 489 2945 653 3028; x_wconf 89' lang='lat' dir='ltr'>opuscula.</span> <span class='ocrx_word' id='word_1_177' title='bbox 672 2946 807 3010; x_wconf 77' lang='lat' dir='ltr'>subeon:</span> <span class='ocrx_word' id='word_1_178' title='bbox 827 2952 886 3020; x_wconf 83' lang='lat' dir='ltr'>„De</span> <span class='ocrx_word' id='word_1_179' title='bbox 900 2952 955 3007; x_wconf 87' lang='lat' dir='ltr'>hoo</span> <span class='ocrx_word' id='word_1_180' title='bbox 968 2969 1053 3022; x_wconf 84' lang='lat' dir='ltr'>opere</span> <span class='ocrx_word' id='word_1_181' title='bbox 1067 2969 1127 3008; x_wconf 87' lang='lat' dir='ltr'>cor·</span> 
     </span>
     <span class='ocr_line' id='line_1_28' title="bbox 110 3030 1127 3102; baseline 0.002 -18"><span class='ocrx_word' id='word_1_182' title='bbox 110 3032 194 3102; x_wconf 86' lang='lat' dir='ltr'>rupto</span> <span class='ocrx_word' id='word_1_183' title='bbox 204 3030 398 3101; x_wconf 88' lang='lat' dir='ltr'>utplurimum</span> <span class='ocrx_word' id='word_1_184' title='bbox 408 3030 450 3085; x_wconf 90' lang='lat' dir='ltr'>nil</span> <span class='ocrx_word' id='word_1_185' title='bbox 460 3031 575 3086; x_wconf 81' lang='lat' dir='ltr'>alterius</span> <span class='ocrx_word' id='word_1_186' title='bbox 585 3032 696 3101; x_wconf 89' lang='lat' dir='ltr'>repperi</span> <span class='ocrx_word' id='word_1_187' title='bbox 707 3033 737 3087; x_wconf 92' lang='lat' dir='ltr'>et</span> <span class='ocrx_word' id='word_1_188' title='bbox 749 3032 813 3087; x_wconf 91' lang='lat' dir='ltr'>ideo</span> <span class='ocrx_word' id='word_1_189' title='bbox 823 3031 948 3100; x_wconf 87' lang='lat' dir='ltr'>explicit</span> <span class='ocrx_word' id='word_1_190' title='bbox 966 3033 1127 3088; x_wconf 80' lang='lat' dir='ltr'>Alexander</span> 
     </span>
    </p>
   </div>
   <div class='ocr_carea' id='block_1_11' title="bbox 109 3105 1127 3368">
    <p class='ocr_par' dir='ltr' id='par_1_14' title="bbox 109 3105 1127 3368">
     <span class='ocr_line' id='line_1_29' title="bbox 109 3105 1127 3181; baseline 0.008 -17"><span class='ocrx_word' id='word_1_191' title='bbox 109 3109 285 3167; x_wconf 79' lang='lat' dir='ltr'>Verraaanua</span> <span class='ocrx_word' id='word_1_192' title='bbox 305 3110 435 3181; x_wconf 69' lang='lat' dir='ltr'>oacnpsit</span> <span class='ocrx_word' id='word_1_193' title='bbox 448 3110 721 3167; x_wconf 79' lang='lat' dir='ltr'>MCCCCLXXXX.“</span> <span class='ocrx_word' id='word_1_194' title='bbox 749 3107 849 3171; x_wconf 88' lang='lat' dir='ltr'>uerba</span> <span class='ocrx_word' id='word_1_195' title='bbox 863 3105 988 3172; x_wconf 87' lang='lat' dir='ltr'>Graeca</span> <span class='ocrx_word' id='word_1_196' title='bbox 1006 3108 1127 3172; x_wconf 90' lang='lat' dir='ltr'>omissa</span> 
     </span>
     <span class='ocr_line' id='line_1_30' title="bbox 110 3193 1126 3276; baseline 0.003 -20"><span class='ocrx_word' id='word_1_197' title='bbox 110 3196 188 3257; x_wconf 85' lang='lat' dir='ltr'>sunt</span> <span class='ocrx_word' id='word_1_198' title='bbox 220 3193 334 3276; x_wconf 87' lang='lat' dir='ltr'>spatiis</span> <span class='ocrx_word' id='word_1_199' title='bbox 367 3193 534 3258; x_wconf 90' lang='lat' dir='ltr'>indicatis:</span> <span class='ocrx_word' id='word_1_200' title='bbox 567 3195 717 3259; x_wconf 85' lang='lat' dir='ltr'>ultimum</span> <span class='ocrx_word' id='word_1_201' title='bbox 749 3193 897 3260; x_wconf 87' lang='lat' dir='ltr'>Bissulae</span> <span class='ocrx_word' id='word_1_202' title='bbox 930 3217 1061 3262; x_wconf 89' lang='lat' dir='ltr'>carmen</span> <span class='ocrx_word' id='word_1_203' title='bbox 1093 3198 1126 3260; x_wconf 90' lang='lat' dir='ltr'>et</span> 
     </span>
     <span class='ocr_line' id='line_1_31' title="bbox 111 3281 648 3368; baseline 0.006 -23"><span class='ocrx_word' id='word_1_204' title='bbox 111 3281 211 3366; x_wconf 81' lang='lat' dir='ltr'>epigr.</span> <span class='ocrx_word' id='word_1_205' title='bbox 231 3283 272 3346; x_wconf 88' lang='lat'>91</span> <span class='ocrx_word' id='word_1_206' title='bbox 297 3281 350 3347; x_wconf 89' lang='lat' dir='ltr'>hic</span> <span class='ocrx_word' id='word_1_207' title='bbox 374 3304 500 3368; x_wconf 90' lang='lat' dir='ltr'>quoque</span> <span class='ocrx_word' id='word_1_208' title='bbox 523 3283 648 3348; x_wconf 81' lang='lat' dir='ltr'>desunt</span> 
     </span>
    </p>
   </div>
   <div class='ocr_carea' id='block_1_12' title="bbox 65 3386 1127 3722">
    <p class='ocr_par' dir='ltr' id='par_1_15' title="bbox 65 3386 1127 3722">
     <span class='ocr_line' id='line_1_32' title="bbox 65 3386 1125 3474; baseline 0.003 -23"><span class='ocrx_word' id='word_1_209' title='bbox 65 3403 92 3458; x_wconf 75' lang='grc' dir='ltr'><em>θ</em></span> <span class='ocrx_word' id='word_1_210' title='bbox 178 3386 305 3453; x_wconf 83' lang='lat' dir='ltr'>Codicis</span> <span class='ocrx_word' id='word_1_211' title='bbox 325 3390 396 3454; x_wconf 92' lang='lat' dir='ltr'>loco</span> <span class='ocrx_word' id='word_1_212' title='bbox 416 3390 698 3455; x_wconf 89' lang='lat' dir='ltr'>commemoranda</span> <span class='ocrx_word' id='word_1_213' title='bbox 718 3395 768 3455; x_wconf 89' lang='lat' dir='ltr'>est</span> <span class='ocrx_word' id='word_1_214' title='bbox 780 3391 872 3456; x_wconf 70' lang='lat' dir='ltr'>edatio</span> <span class='ocrx_word' id='word_1_215' title='bbox 880 3391 1027 3474; x_wconf 70' lang='lat' dir='ltr'>princeps</span> <span class='ocrx_word' id='word_1_216' title='bbox 1039 3390 1125 3456; x_wconf 85' lang='lat' dir='ltr'>Bar·</span> 
     </span>
     <span class='ocr_line' id='line_1_33' title="bbox 110 3476 1127 3563; baseline 0.004 -22"><span class='ocrx_word' id='word_1_217' title='bbox 110 3476 272 3542; x_wconf 72' lang='lat' dir='ltr'>tholomei</span> <span class='ocrx_word' id='word_1_218' title='bbox 296 3476 477 3561; x_wconf 79' lang='lat' dir='ltr'>Girardiai,</span> <span class='ocrx_word' id='word_1_219' title='bbox 501 3501 583 3562; x_wconf 91' lang='lat' dir='ltr'>quae</span> <span class='ocrx_word' id='word_1_220' title='bbox 604 3478 752 3544; x_wconf 88' lang='lat' dir='ltr'>Venetiis</span> <span class='ocrx_word' id='word_1_221' title='bbox 775 3479 897 3563; x_wconf 90' lang='lat' dir='ltr'>prodiit</span> <span class='ocrx_word' id='word_1_222' title='bbox 919 3501 1005 3545; x_wconf 90' lang='lat' dir='ltr'>anno</span> <span class='ocrx_word' id='word_1_223' title='bbox 1030 3480 1127 3563; x_wconf 80' lang='lat'>1472,</span> 
     </span>
     <span class='ocr_line' id='line_1_34' title="bbox 110 3567 1125 3652; baseline 0.002 -22"><span class='ocrx_word' id='word_1_224' title='bbox 110 3587 307 3650; x_wconf 88' lang='lat' dir='ltr'>quamquam</span> <span class='ocrx_word' id='word_1_225' title='bbox 336 3567 493 3631; x_wconf 85' lang='lat' dir='ltr'>conflatus</span> <span class='ocrx_word' id='word_1_226' title='bbox 522 3571 573 3631; x_wconf 89' lang='lat' dir='ltr'>est</span> <span class='ocrx_word' id='word_1_227' title='bbox 600 3572 770 3633; x_wconf 84' lang='lat' dir='ltr'>contextus</span> <span class='ocrx_word' id='word_1_228' title='bbox 797 3569 1006 3652; x_wconf 78' lang='lat' dir='ltr'>expluribus</span> <span class='ocrx_word' id='word_1_229' title='bbox 1031 3568 1125 3634; x_wconf 90' lang='lat' dir='ltr'>libris</span> 
     </span>
     <span class='ocr_line' id='line_1_35' title="bbox 109 3655 829 3722; baseline 0.003 -4"><span class='ocrx_word' id='word_1_230' title='bbox 109 3658 143 3719; x_wconf 89' lang='lat' dir='ltr'>et</span> <span class='ocrx_word' id='word_1_231' title='bbox 166 3655 261 3719; x_wconf 86' lang='lat' dir='ltr'>modo</span> <span class='ocrx_word' id='word_1_232' title='bbox 286 3677 360 3719; x_wconf 89' lang='lat' dir='ltr'>cum</span> <span class='ocrx_word' id='word_1_233' title='bbox 386 3655 534 3720; x_wconf 80' lang='lat' dir='ltr'>Tiaciat</span> <span class='ocrx_word' id='word_1_234' title='bbox 558 3657 655 3722; x_wconf 91' lang='lat' dir='ltr'>modo</span> <span class='ocrx_word' id='word_1_235' title='bbox 679 3679 751 3721; x_wconf 87' lang='lat' dir='ltr'>cum</span> <span class='ocrx_word' id='word_1_236' title='bbox 775 3656 829 3720; x_wconf 87' lang='lat' dir='ltr'>M:</span> 
     </span>
    </p>
   </div>
   <div class='ocr_carea' id='block_1_13' title="bbox 107 3811 1128 3956">
    <p class='ocr_par' dir='ltr' id='par_1_16' title="bbox 107 3811 1128 3956">
     <span class='ocr_line' id='line_1_36' title="bbox 183 3811 1128 3884; baseline 0.005 -19"><span class='ocrx_word' id='word_1_237' title='bbox 183 3811 207 3880; x_wconf 79' lang='lat'>*)</span> <span class='ocrx_word' id='word_1_238' title='bbox 227 3812 332 3866; x_wconf 85' lang='lat' dir='ltr'>adiecit</span> <span class='ocrx_word' id='word_1_239' title='bbox 350 3831 385 3866; x_wconf 91' lang='lat' dir='ltr'>m.</span> <span class='ocrx_word' id='word_1_240' title='bbox 406 3829 477 3867; x_wconf 86' lang='lat' dir='ltr'>saec.</span> <span class='ocrx_word' id='word_1_241' title='bbox 494 3813 559 3866; x_wconf 84' lang='lat' dir='ltr'>XVI</span> <span class='ocrx_word' id='word_1_242' title='bbox 577 3814 660 3869; x_wconf 84' lang='lat' dir='ltr'>haee:</span> <span class='ocrx_word' id='word_1_243' title='bbox 681 3812 775 3882; x_wconf 81' lang='lat' dir='ltr'>„Opus</span> <span class='ocrx_word' id='word_1_244' title='bbox 794 3815 958 3884; x_wconf 88' lang='lat' dir='ltr'>corruptum</span> <span class='ocrx_word' id='word_1_245' title='bbox 978 3816 1022 3870; x_wconf 84' lang='lat' dir='ltr'>est</span> <span class='ocrx_word' id='word_1_246' title='bbox 1036 3816 1067 3869; x_wconf 90' lang='lat' dir='ltr'>et</span> <span class='ocrx_word' id='word_1_247' title='bbox 1080 3814 1128 3870; x_wconf 87' lang='lat' dir='ltr'>de·</span> 
     </span>
     <span class='ocr_line' id='line_1_37' title="bbox 107 3883 932 3956; baseline 0.004 -18"><span class='ocrx_word' id='word_1_248' title='bbox 107 3885 173 3938; x_wconf 84' lang='lat' dir='ltr'>sunt</span> <span class='ocrx_word' id='word_1_249' title='bbox 191 3883 282 3939; x_wconf 87' lang='lat' dir='ltr'>multa</span> <span class='ocrx_word' id='word_1_250' title='bbox 299 3883 459 3953; x_wconf 80' lang='lat' dir='ltr'>fragmenta</span> <span class='ocrx_word' id='word_1_251' title='bbox 479 3888 846 3956; x_wconf 75' lang='grc' dir='ltr'>Τεμεισφαριμπατηκωομε</span> <span class='ocrx_word' id='word_1_252' title='bbox 863 3927 869 3940; x_wconf 94' lang='grc'><em>.</em></span> <span class='ocrx_word' id='word_1_253' title='bbox 884 3927 891 3941; x_wconf 91' lang='grc'><strong>.</strong></span> <span class='ocrx_word' id='word_1_254' title='bbox 907 3888 932 3939; x_wconf 91' lang='grc'>.“</span> 
     </span>
    </p>
   </div>
   <div class='ocr_carea' id='block_1_14' title="bbox 0 0 1220 4274">
    <p class='ocr_par' dir='ltr' id='par_1_17' title="bbox 0 0 1220 4274">
     <span class='ocr_line' id='line_1_38' title="bbox 0 0 1220 4274; baseline 0 0"><span class='ocrx_word' id='word_1_255' title='bbox 0 0 1220 4274; x_wconf 95' lang='lat' dir='ltr'> </span> 
     </span>
    </p>
   </div>
  </div>
 </body>
</html>
