2430 4274
91 151 261 214 Prseditus
287 156 317 213 et
342 151 425 213 uites
451 151 618 213 homiuum
643 152 769 212 ratione
794 150 939 212 medendi

136 239 307 322 Porrigere
333 245 365 303 et
389 240 465 303 fatis
490 239 689 322 amplificare
713 260 829 302 mores.

90 326 169 391 Inde
193 331 225 392 et
248 327 435 412 perfunctae
459 331 570 392 menet
592 327 672 391 haec
695 326 876 391 reuerentia
900 327 1000 412 uitae,
1075 346 1109 393 15

134 414 238 481 Aetas
261 420 375 482 nostra
397 416 449 482 illi
472 415 558 502 quod
580 414 669 480 dedit
691 414 776 480 hune
799 416 946 481 titulum:

89 502 137 570 Vt
159 506 287 570 nullum
309 504 490 589 Ausonius,
513 526 608 591 quem
632 508 823 588 sectaretur,
846 503 1005 590 habebut,

136 591 190 659 Sic
211 595 351 679 nullum,
373 594 429 678 qui
453 615 595 658 senune
618 593 779 677 imitetur,
801 592 910 661 habet

36 822 96 874 [rer]
330 800 364 858 11.
390 802 545 856 AEMILIA
563 801 704 857 AEONIA
722 800 860 857 MATER„

88 929 242 995 Proxime
265 934 315 1014 tu,
338 930 486 1014 genetrix
508 927 648 1009 Aeonie,
672 929 831 1015 sunguine
853 929 956 995 mixto

133 1018 303 1084 Tarbellae
327 1019 441 1084 metris
464 1018 568 1102 patris
591 1023 625 1083 et
647 1017 814 1083 Heeduiei.

89 1104 271 1193 Morigerae
294 1107 403 1173 uxoris
427 1107 530 1172 uirtus
555 1108 605 1172 eui
629 1107 767 1192 contigit
790 1105 911 1191 omnis,

134 1195 236 1263 Fame
258 1195 432 1281 pudicitiae
455 1195 667 1280 lanificaeque
690 1217 806 1261 manus

89 1281 305 1371 Coniugiique
327 1285 407 1350 fides
431 1290 464 1351 et
486 1287 583 1349 natos
608 1305 684 1350 eure
706 1283 839 1369 regendi
1086 1301 1105 1349 t

131 1372 177 1438 Et
200 1378 344 1460 grauitas
368 1375 469 1440 eomis
492 1374 642 1458 laeteque
665 1373 808 1438 serietas.

88 1461 266 1528 Aeternum
288 1463 434 1546 placidos
457 1483 569 1526 manes
592 1461 751 1547 conplexa
773 1461 897 1543 meriti,

132 1548 218 1615 Viue
240 1556 349 1616 terum
373 1550 550 1635 quondam,
572 1551 686 1616 funeta
708 1550 783 1616 seue
805 1550 976 1614 tumulum.

34 1778 92 1829 [ier]
157 1759 204 1816 III.
234 1759 409 1815 uumerus
429 1759 583 1816 MAGNVS
601 1759 785 1816 ARBOBIVS
803 1757 1036 1815 AVVNOVLVS.

87 1883 185 1954 Cultu
207 1887 289 1953 mihi
312 1892 363 1954 est
384 1888 490 1974 pietas
513 1891 607 1973 petre
629 1888 771 1973 primum
790 1890 824 1951 et
842 1889 946 1952 matre
964 1886 1104 1970 necetis,

131 1975 206 2043 Diei
229 1981 279 2043 set
301 1977 424 2064 refugit
447 1978 562 2043 tertius
585 1975 761 2059 Arberius,

86 2065 188 2143 Quem
212 2067 355 2152 primum
378 2087 556 2133 memorare
579 2065 672 2131 nefas
696 2063 776 2130 mihi
799 2067 892 2149 petre
915 2064 1071 2148 seeundo,

130 2154 272 2219 Rursum
295 2178 364 2221 non
386 2157 527 2241 primum
548 2176 668 2240 ponere
691 2174 793 2238 paene
815 2152 917 2220 netes.

86 2242 271 2326 Temperies
296 2244 479 2310 adhibenda
525 2290 906 2310 ........
1082 2257 1099 2305 u

130 2329 218 2394 Ante
242 2331 338 2396 elios:
362 2354 559 2418 quemquem
581 2336 673 2417 patre
697 2328 856 2397 secundus
879 2329 950 2395 erit

85 2417 136 2483 Tu
158 2419 259 2483 freter
283 2421 456 2505 genetricis
480 2424 513 2486 et
535 2421 697 2485 unanimis
721 2419 875 2505 genitori,

128 2506 174 2572 Et
196 2507 277 2571 mihi
300 2510 356 2594 qui
380 2509 493 2595 fueris,
516 2509 603 2595 quod
626 2514 719 2594 peter
742 2512 777 2574 et
799 2507 960 2594 genetrix:

149 2663 190 2738 ἰε
208 2669 322 2740 moetus
344 2682 371 2738 ν
441 2690 473 2740 u
492 2684 698 2809 perranum&
716 2684 765 2752 ar.)
789 2683 815 2736 v
838 2682 985 2809 ,aresce
1005 2681 1099 2738 erae-

82 2755 129 2812 de
201 2761 234 2811 1e
253 2755 361 2810 titilum
385 2755 411 2809 V
482 2763 514 2812 17
534 2755 638 2812 ebebst
769 2758 802 2808 18
822 2771 839 2808 s
860 2752 889 2809 et
910 2751 947 2807 V¹

154 2843 181 2898 II
198 2863 291 2899 numu
316 2843 342 2897 V
411 2849 427 2898 2
448 2842 558 2898 eedueii
577 2843 635 2912 (alt.
655 2842 665 2896 i
684 2842 721 2900 at.
740 2841 817 2909 add.)
841 2838 868 2894 V
883 2855 951 2896 corr.
967 2839 1099 2896 Piorum

88 2915 202 2973 Vinetue
257 2922 272 2970 3
291 2915 431 2988 morigere
450 2913 477 2968 V
527 2915 655 2970 uterum
674 2916 702 2983 (e
720 2929 755 2969 ex
772 2929 790 2967 a
808 2912 857 2980 et.)
876 2911 921 2980 Vt
937 2910 1057 2967 condem
1075 2911 1101 2965 V

82 2989 114 3044 ut
131 2989 272 3058 quendam
293 2989 417 3044 Merene
437 2987 441 3058 Ι
462 2985 526 3040 fobe
548 2983 575 3040 V
594 2985 674 3040 foues
694 2983 829 3041 Heinsius

153 3076 193 3132 111
223 3076 322 3133 lmiei
346 3077 394 3149 Vt
420 3077 451 3130 et
468 3075 559 3146 latest.
578 3076 639 3129 tum
663 3073 690 3127 V
759 3070 888 3127 2dieere
906 3072 952 3126 set
969 3070 1030 3140 (sed
1048 3070 1097 3138 at)

80 3164 131 3204 ree
148 3149 181 3204 fit
205 3149 315 3205 Vrorr.
335 3149 434 3218 Per‘per
493 3153 509 3202 3
529 3145 596 3201 miei
619 3145 646 3199 V
706 3141 883 3199 eaubenda
904 3141 932 3197 V
941 3141 1048 3211 peettt
1069 3157 1097 3196 se

80 3221 190 3276 sunum
208 3222 323 3278 lacunae
340 3221 475 3275 indicium
493 3218 550 3272 niet
568 3232 660 3273 uetera
677 3232 774 3272 nerem
787 3231 858 3286 pare
878 3213 914 3281 V;
933 3212 1021 3283 igitur
1038 3227 1097 3266 me·

81 3292 226 3348 merebere
243 3292 351 3363 primus
368 3291 459 3360 erepet.
480 3289 542 3344 Tell
603 3294 619 3343 6
638 3289 756 3358 epatre
774 3305 796 3343 s.
816 3285 870 3343 eris
892 3285 954 3340 Tou
1015 3288 1030 3339 7
1049 3300 1098 3353 ge·

80 3363 181 3421 niteris
206 3363 232 3417 V
247 3381 316 3420 corr.
337 3362 497 3419 memte
570 3360 670 3415 Smiei
695 3360 721 3414 V
