2430 4274
489 301 532 308 -
579 264 710 328 50-

94 424 297 508 Quamquam
317 421 443 487 heredis
463 443 572 506 egene,
590 422 642 487 bis
661 443 717 488 sex
735 421 957 506 quinquennia
970 422 1113 509 functus,

137 511 251 578 Fletus
275 533 310 576 es
333 510 469 576 anobis
492 515 530 576 ut
551 514 646 594 pater
669 515 702 576 et
724 511 859 576 iuuenis.

92 600 139 667 Et
160 622 261 684 nune,
284 599 352 665 siue
376 599 498 683 aliquid
519 603 598 684 post
619 599 689 664 fata
712 603 856 664 extrema
878 599 1027 685 superfit,

137 688 233 755 Viuis
256 688 361 753 adhue
385 688 469 771 aeui,
492 687 579 772 qnod
602 687 713 772 periit,
735 686 951 754 meminenaz-
1076 706 1111 756 40

93 775 170 844 Siue
193 777 278 842 nihil
302 781 448 860 superest
468 798 529 842 neo
550 775 674 841 habent
690 775 796 865 ¹longa
819 777 887 842 otia
911 798 1038 859 sensus,

137 866 188 932 Tu
209 866 272 931 tibi
295 866 422 931 uixisti:
444 887 505 930 nos
528 868 586 930 tua
608 864 696 930 fama
718 865 818 930 iuuat

45 1059 102 1109 [roe]
218 1038 252 1091 Il.
271 1037 411 1094 LATINV
413 1037 431 1092 S
449 1036 608 1092 ALCIMVS
626 1037 810 1093 ALETHIVS
828 1036 984 1096 RHETOR,

138 1164 209 1230 Neo
231 1186 283 1230 me
305 1168 441 1249 nepotes
465 1164 557 1249 impii
582 1164 706 1229 silentii

182 1254 288 1320 Reum
311 1253 455 1337 eiebunt,
478 1253 620 1336 Alcime,

137 1341 310 1428 Minusque
334 1341 481 1426 dignum,
503 1363 571 1407 non
593 1345 627 1406 et
649 1341 788 1407 oblitum
811 1341 917 1407 ferent

183 1431 273 1496 Tuae
295 1430 481 1496 ministrum
503 1430 692 1512 memoriae,
900 1504 903 1510 ¹

137 1519 284 1605 Opponit
305 1542 405 1584 unum
429 1541 525 1604 quem
548 1518 626 1584 uiris
649 1518 812 1602 prioribus

181 1609 283 1674 Aetas
308 1609 447 1673 recentis
470 1607 636 1691 temporis.

136 1694 268 1762 Palmae
290 1695 430 1762 forensis
453 1701 487 1761 et
510 1717 714 1761 camenarum
738 1693 849 1779 decus,

180 1784 357 1867 Exemplar
379 1806 481 1849 unum
503 1785 538 1848 in
561 1784 694 1865 litteris,

138 1870 226 1947 Quas
250 1876 308 1937 aut
331 1870 470 1937 Athenis
493 1872 590 1937 docta
613 1871 715 1938 coluit
737 1870 887 1956 Graecia,

180 1960 249 2024 Aut
272 1959 378 2025 Roma
400 1981 458 2044 per
480 1958 612 2025 Latium
636 1960 724 2027 oolit.
1073 1979 1106 2028 ιο

136 2046 286 2114 Moresne
310 2048 404 2114 fabor
427 2052 461 2114 et
482 2051 628 2115 tenorem
652 2048 786 2134 regulae

180 2138 233 2202 Ad
254 2159 356 2222 usque
377 2139 466 2204 uitae
489 2137 688 2204 terminum?

136 2225 230 2303 Quod
252 2227 347 2292 laude
370 2227 489 2310 clarus,
512 2225 598 2311 quod
622 2232 773 2309 operatus
796 2224 916 2291 litteris

181 2314 318 2381 Omnem
341 2315 491 2403 refugisti
515 2314 698 2381 ambitum?

135 2404 181 2467 Te
203 2426 298 2470 nemo
322 2406 455 2489 grauior
475 2404 529 2469 uel
553 2403 617 2469 fuit
639 2402 741 2469 comis
764 2402 870 2487 magis
1073 2419 1105 2469 15

179 2492 250 2556 Aut
272 2493 418 2557 liberalis
440 2493 577 2578 indigis,

135 2577 252 2643 Danda
275 2581 394 2661 salute,
417 2580 445 2644 si
468 2581 575 2646 forum
597 2601 649 2645 res
672 2583 832 2665 posceret,

180 2665 296 2733 Studio
320 2667 469 2750 docendi,
492 2669 520 2733 si
543 2669 698 2735 scholam.

134 2752 257 2820 Viuent
279 2777 337 2839 per
361 2777 490 2821 omnem
512 2762 719 2841 posterorum
741 2755 945 2841 memoriam,

179 2842 268 2920 Quos
291 2848 328 2908 tu
350 2866 460 2910 saurae
483 2845 589 2911 famae
613 2845 714 2911 dabas
1069 2860 1104 2910 20

161 3006 194 3054 37
214 3003 357 3070 tamquam
379 3002 406 3055 V
421 3017 490 3057 corr.
512 3002 573 3058 Tou
588 3004 593 3071 Ι
609 3002 698 3058 eredis
722 3001 759 3056 V¹
831 3006 865 3056 38
884 3000 966 3057 nobie
985 3001 1016 3072 (b
1033 3016 1067 3056 ex
1084 3018 1104 3054 u

86 3073 144 3142 pr.)
167 3070 194 3125 V
262 3078 296 3126 42
315 3073 395 3127 iubat
416 3071 443 3125 V

160 3158 186 3213 II
208 3177 320 3214 memus
340 3163 420 3230 (corr.
439 3160 584 3232 heyden.)
603 3164 628 3216 et
645 3179 749 3214 uersor
767 3159 812 3229 V!
829 3164 856 3214 Γ
870 3161 961 3216 metro
980 3156 1104 3215 iambico

87 3231 125 3288 ut.
144 3247 230 3301 moro.
256 3231 282 3284 V
351 3232 517 3286 tministrfi
536 3234 562 3301 (⁴
578 3247 633 3301 pro
653 3233 678 3300 ι)
696 3230 723 3284 V
783 3229 947 3304 treelentis
966 3233 993 3302 (o
1011 3247 1045 3287 ee
1063 3233 1104 3299 tr)

92 3355 119 3408 V
204 3353 345 3409 asthonis
370 3355 396 3408 V
472 3360 503 3409 11
523 3354 604 3411 fauor
625 3354 651 3409 V
671 3371 757 3425 maru.
781 3300 807 3469 ἰ
827 3355 857 3424 (i.
876 3355 955 3424 nom)
973 3352 1001 3409 V
1069 3359 1104 3409 13

88 3481 219 3549 operatus
238 3479 322 3535 Setia.
341 3481 456 3550 paratus
479 3479 507 3533 V
587 3486 619 3534 16
638 3478 764 3535 liueralie
788 3478 815 3533 V
881 3482 914 3532 18
933 3477 970 3532 ei:
988 3477 1000 3532 i
1018 3478 1055 3533 ol.
1080 3477 1107 3530 V

122 3555 157 3603 20
186 3552 312 3606 sacratae
339 3552 431 3606 famae
459 3550 510 3618 <ias
533 3550 560 3606 V
583 3567 651 3606 corr.
677 3551 828 3621 Gorope'us,
856 3548 974 3605 seemeti
998 3546 1104 3604 litteris

69 3617 197 3677 Schenkl
