2430 4274
460 565 676 630 ..61-

10 723 41 776 99
60 708 203 774 suffusus
226 706 339 791 rutilo,
361 728 438 772 mox
460 710 652 792 tempestate
676 727 790 771 sonora

60 817 250 882 spumosum
272 797 337 860 late
360 795 497 881 pelagus
520 816 686 862 canescere
710 816 828 859 cernes.

59 886 166 951 maior
187 889 221 950 et
242 884 323 951 haec
344 884 433 949 rauci
456 886 601 950 uersabit
624 884 764 969 gurgitis
787 882 905 965 undas,

60 975 133 1060 ipsa
157 995 284 1059 quoque
307 973 466 1038 inmodice
490 974 518 1038 si
541 974 666 1038 uultum
690 973 767 1037 luna
789 973 948 1037 rubescat.

105 1060 354 1146 Contemplator
376 1061 467 1145 item,
492 1083 549 1127 seu
572 1062 704 1146 plenum
727 1060 859 1125 luminis
883 1061 994 1126 orbem

10 1167 42 1217 9ο
61 1149 202 1236 Cynthia
224 1149 392 1233 distendit,
416 1170 471 1215 seu
495 1172 567 1215 cum
590 1154 676 1215 teres
699 1149 841 1214 ambitus
865 1149 922 1214 olli
1088 1169 1127 1210 res

61 1239 207 1306 caeditur
229 1242 261 1303 et
283 1238 406 1303 mediae
429 1239 520 1304 uelut
542 1238 655 1323 indiga
677 1238 759 1303 lucis
782 1238 943 1323 utrimque

62 1328 202 1393 sustinet
224 1326 382 1392 obductae
405 1327 536 1393 sibimet
559 1327 727 1412 dispendia
748 1327 886 1410 formae,

61 1438 183 1482 cornua
205 1416 312 1499 prima
334 1415 462 1500 replens
487 1420 520 1481 et
542 1437 663 1481 cornua
686 1416 773 1481 fessa
796 1416 973 1481 dehiscens.

61 1504 169 1570 induit
191 1526 229 1569 ac
253 1505 380 1588 qualem
403 1504 579 1588 procedens
603 1526 658 1569 ore
682 1505 836 1587 colorem,

10 1606 43 1657 99
61 1593 148 1659 hunc
170 1592 332 1678 perpende
355 1593 471 1676 oculis,
494 1593 566 1677 ipso
590 1593 750 1658 monitore
773 1592 898 1657 dierum

62 1683 159 1766 signa
180 1686 255 1746 tene
279 1702 316 1747 ac
339 1684 444 1747 totum
467 1682 612 1746 discerne
634 1682 669 1745 in
691 1685 839 1766 tempora
861 1702 1014 1746 mensem.

61 1791 129 1835 non
151 1791 251 1834 unum
274 1769 476 1854 deprehensa
497 1770 582 1835 diem
606 1771 667 1834 tibi
691 1770 786 1855 signa
808 1771 986 1854 loquuntur

61 1879 120 1924 nec
141 1858 242 1944 uulgo
264 1858 298 1923 in
322 1858 446 1924 cunctis
469 1859 587 1924 adsunt
609 1862 782 1943 praecepta
805 1858 930 1942 diebus,

62 1945 118 2011 sed
141 1967 223 2032 quae
247 1947 341 2032 signa
362 1968 449 2012 nouo
473 1947 596 2012 dederit
618 1969 683 2012 nox
705 1948 803 2012 tertia
825 1949 916 2012 motu

10 2050 43 2101 oo
63 2040 234 2119 quarteue,
258 2035 411 2100 sustollat
433 2035 556 2102 medios
581 2035 656 2100 dum
681 2034 824 2120 Cynthia
846 2036 969 2118 uultus,

62 2123 227 2188 durabunt
249 2124 350 2207 caelo.
394 2124 499 2189 medio
524 2146 605 2209 quse
628 2124 764 2189 edixerit
786 2145 841 2190 ore

62 2212 148 2297 ignis
171 2211 207 2276 in
229 2212 357 2296 plenos,
380 2211 456 2277 hinc
480 2213 514 2277 in
537 2213 705 2297 dispendia
726 2235 839 2277 rursus

63 2300 166 2365 alters
187 2301 338 2384 prouisae
361 2301 535 2387 signantur
556 2306 705 2385 tempora
727 2301 832 2366 lunae.

62 2388 121 2453 illa
143 2388 273 2473 dehinc,
297 2389 397 2455 donec
420 2391 567 2474 germani
589 2390 721 2455 luminis
744 2390 831 2474 ignis

10 2492 43 2543 99
63 2476 197 2542 accedat
219 2476 363 2563 Phoebe,
386 2479 505 2543 mensis
528 2481 694 2563 postrema
716 2478 884 2543 notabunt

62 2565 139 2650 hoc,
161 2565 246 2650 quod
268 2569 421 2650 protento
444 2567 536 2631 uehit
557 2569 672 2652 ingens
697 2567 833 2631 mundus
856 2567 959 2650 inani,

63 2675 139 2718 aera
160 2675 281 2720 nomen
303 2655 414 2738 habet3
440 2655 527 2738 quod
550 2657 654 2740 spiret
675 2656 815 2738 caespite
838 2656 948 2738 tellus,

61 2741 176 2806 nubila
199 2742 358 2808 dicuntur.
404 2745 527 2808 caelum
551 2765 649 2828 super
672 2744 746 2808 aula
768 2744 901 2809 deorum

63 2851 124 2895 axe
146 2830 338 2898 adamanteo
362 2832 574 2898 conuoluitur.
619 2832 673 2897 hic
697 2854 755 2896 sua
778 2832 874 2897 certis

10 2935 44 2985 10
63 2921 141 2985 sunt
162 2919 236 2986 loca
257 2920 453 2986 numinibus.
498 2921 638 2986 borealis
662 2920 792 2986 uerticis
816 2922 919 2987 altum
1092 2941 1131 2982 999

135 3064 203 3114 1490
236 3077 300 3115 cum
333 3059 360 3112 V
388 3061 449 3114 tum
477 3059 504 3112 A
536 3060 571 3127 cs.
600 3061 713 3115 Hermes
742 3060 876 3130 XVIp.
905 3065 960 3118 132
986 3077 1014 3115 99
1042 3065 1078 3116 94

64 3135 133 3184 1491
160 3130 287 3186 caeditur
319 3129 346 3185 V
371 3129 480 3185 ceditur
506 3130 571 3200 At
597 3131 657 3185 indi
722 3132 750 3184 A
776 3131 871 3185 indica
903 3131 930 3183 V
1010 3137 1077 3186 1493

61 3199 136 3256 fessa
158 3200 211 3255 VA
236 3201 302 3256 fissa
324 3201 439 3257 Grotius
530 3207 599 3256 1494
560 3133 703 3255 md1¹
696 3201 719 3254 rt
741 3218 774 3256 99
797 3202 908 3270 qualem
932 3202 959 3256 A
982 3201 1079 3257 Induit

61 3283 145 3389 †e⁸t
146 3302 293 3395 aequalem
319 3325 346 3379 V
407 3331 477 3380 1499
495 3325 568 3379 hunc
587 3325 701 3380 Grotius
736 3327 768 3378 99·
785 3325 856 3380 idern
874 3326 946 3380 hanc
965 3327 1079 3382 99999999

60 3395 136 3451 hano
158 3397 277 3451 correxit
305 3394 332 3449 V
351 3395 417 3450 hinc
438 3397 466 3451 A
553 3401 622 3451 1497
646 3396 730 3466 depre
752 3412 819 3450 ensa
847 3395 919 3450 VAe
942 3396 1080 3466 deprensa

60 3483 79 3522 9
96 3467 133 3534 cf.
152 3466 220 3521 Luc.
241 3467 362 3522 Mueller
379 3468 412 3522 oe
429 3484 458 3522 99
475 3472 550 3522 metr.
565 3484 596 3537 9.
615 3471 674 3523 253
721 3472 789 3522 1499
808 3482 863 3521 nox
881 3484 897 3521 9
915 3483 982 3522 mox
1004 3467 1079 3523 VAc

64 3543 134 3592 1900
153 3536 220 3592 dum
239 3538 267 3593 A
285 3539 323 3592 dn
347 3537 374 3590 V
444 3539 539 3593 1909
531 3538 605 3608 ignis
622 3538 698 3592 Ae'
690 3554 770 3608 rgnes
795 3538 821 3590 V
879 3544 947 3594 1909
966 3539 1078 3594 Phoebe

68 3607 112 3663 Vc
123 3607 239 3664 Phoebo
253 3611 281 3663 A
295 3609 426 3664 Phoebas
443 3625 460 3664 9
479 3610 567 3679 9999
528 3626 624 3679 99.999
639 3609 936 3679 Erfurt.a.1882p
955 3610 1028 3663 XII
1040 3627 1077 3680 99

64 3683 134 3734 1909
152 3678 233 3734 uehit
257 3679 379 3734 Vuelut
395 3682 423 3734 A
471 3679 669 3735 1909999199
694 3680 840 3734 Veelsum
859 3682 886 3735 A
939 3686 1007 3736 1909
1027 3698 1078 3738 axe

63 3749 233 3806 adamantco
260 3750 410 3806 Sctrudcri
435 3753 644 3807 commutarim
670 3750 762 3807 Berol.
785 3752 931 3822 Hauptius
954 3752 1079 3822 (Hermes

69 3820 137 3874 ΥΙΙ
145 3838 177 3892 p
196 3823 243 3891 13)
262 3838 333 3877 axea
351 3822 452 3877 denteo
476 3822 529 3876 VA
