2430 4274
483 524 704 613 -acss

86 682 160 750 Non
184 705 245 771 ego
270 704 348 767 opes
372 705 481 748 cassas
505 687 538 747 et
560 683 672 748 inania
695 682 815 769 gaudia
836 682 972 769 plango,

131 771 195 838 Sed
218 772 346 837 iuuenis
368 772 479 837 iuueni
501 772 587 856 quod
610 771 690 836 mihi
713 775 810 856 rapta
831 772 912 837 uiro.

86 861 201 945 Laeta,
224 860 354 945 pudica,
378 862 504 946 grauis,
526 882 629 946 genus
652 861 766 925 inolita
789 866 822 925 et
844 860 960 925 inclita
983 859 1103 945 forma,
1195 892 1215 938 χ

130 949 175 1015 Et
198 950 291 1015 dolor
315 955 411 1034 atque
435 950 531 1015 decus
555 949 702 1036 coniugis
726 949 872 1015 Ausonii.

86 1037 175 1115 Quae
198 1038 294 1104 modo
318 1043 471 1122 septenos
495 1043 609 1122 quater
631 1039 793 1123 inpletura
815 1037 1011 1104 Decembres
1068 1056 1102 1104 25

130 1127 273 1213 Liquisti
294 1132 403 1212 natos,
426 1129 562 1213 pignera
585 1131 711 1206 nostra,
734 1128 824 1192 duos

85 1215 148 1282 Illa
170 1217 283 1282 fauore
307 1216 371 1295 dei,
395 1217 478 1282 sicut
500 1220 559 1280 tua
582 1216 826 1300 nominarunt,

131 1304 278 1389 Florem,
303 1306 425 1389 optatis
449 1305 655 1369 adcumulata
677 1305 781 1371 bonis.

85 1393 131 1459 Et
153 1415 280 1478 precor,
304 1399 341 1458 ut
363 1394 498 1478 uigeant
520 1393 716 1479 tandemque
740 1393 914 1477 superstite
938 1398 1074 1480 utroque

130 1480 269 1547 Nuntiet
290 1482 352 1547 hoc
376 1483 476 1547 cineri
499 1486 613 1547 nostra
636 1482 751 1548 fauilla
774 1488 839 1548 tuo.
1067 1501 1102 1548 30

35 1693 91 1747 [roal
288 1675 321 1729 X.
349 1673 531 1730 AVSONIVS
551 1674 745 1730 Prnvvnvs
767 1673 894 1735 rmus,

85 1801 161 1868 Non
186 1824 246 1888 ego
270 1806 302 1866 te
325 1802 472 1866 infletum
496 1804 632 1868 memori
654 1802 812 1867 fraudabo
837 1803 991 1888 querella,

131 1891 272 1975 Primus,
294 1895 384 1969 nate,
408 1913 480 1956 meo
503 1891 633 1956 nomine
658 1892 741 1956 dicte
763 1913 857 1975 puer:

86 1979 255 2045 Murmura
277 2000 372 2062 quem
395 1980 509 2061 primis
533 1980 744 2046 meditantem
768 1979 937 2044 absoluere
960 1979 1068 2044 uerbis

131 2068 254 2132 Indolis
278 2071 312 2131 et
335 2067 450 2151 plenae
474 2068 658 2151 planximus
682 2069 855 2154 obsequiis.

86 2156 135 2221 Tu
158 2156 282 2241 gremio
306 2155 341 2219 in
362 2156 478 2238 proaui
501 2157 597 2221 funus
621 2179 790 2223 commune
814 2157 954 2239 locatus,
1085 2173 1101 2221 o

130 2244 291 2313 Inuidia·
315 2245 432 2308 tumuli
455 2267 494 2308 ne
518 2250 664 2329 paterere
687 2247 745 2311 tui.

33 2457 88 2508 [1²01
317 2436 364 2491 XI.
393 2436 533 2492 PASTOR
551 2438 671 2493 NEPOS
690 2437 739 2492 Ex
758 2437 863 2494 mlo,

87 2565 136 2630 Tu
160 2587 285 2650 quoque
309 2569 469 2644 maturos,
491 2587 572 2651 puer
594 2566 769 2649 inmature,
792 2565 919 2631 dolores

132 2654 339 2737 interrupisti
362 2656 469 2719 luctus
493 2655 627 2720 acerbus
652 2655 718 2737 aui,

86 2741 203 2806 Pastor
226 2764 297 2807 care
320 2764 437 2825 nepos,
460 2765 533 2828 spes
557 2745 647 2809 ouius
672 2748 760 2808 certa
783 2742 847 2808 fuit
869 2765 934 2826 res,

132 2829 283 2912 Hesperii
305 2830 409 2912 patris
432 2833 530 2896 tertia
554 2832 735 2919 progenies.

87 2916 230 3001 Nomen,
254 2917 339 3001 quod
363 2940 456 2983 casus
480 2921 611 2987 dederat
634 2919 725 3008 (quia
747 2920 859 2985 fistula
882 2921 1023 3004 primum
1085 2936 1101 2984 o

132 3007 300 3070 Pastorale
325 3007 427 3071 melos
451 3010 616 3075 concinuit
639 3005 781 3096 genito),

87 3092 165 3160 Sero
188 3094 390 3160 intellectum
413 3097 500 3162 uitae
525 3098 633 3163 breuis
657 3103 900 3184 argumentum:

132 3182 272 3269 Spiritus
296 3183 423 3249 adflatis
447 3187 532 3270 quod
556 3189 641 3272 fugit
664 3210 681 3251 e
705 3188 848 3252 calamis.

244 3312 299 3319 .-

157 3365 192 3413 21
212 3359 277 3414 miei
302 3363 327 3415 V
388 3369 422 3416 22
441 3361 537 3432 gratis
561 3360 588 3412 V
648 3366 682 3416 23
702 3361 792 3432 adque
817 3361 844 3414 V
902 3367 937 3416 2?
955 3360 1105 3417 faboreV

87 3429 248 3486 accuratis
273 3432 299 3486 V
317 3439 320 3502 Ι
346 3433 525 3487 accumulata
547 3431 574 3485 V

159 3517 184 3570 X
211 3539 344 3574 caraunus
369 3521 394 3573 V
466 3521 636 3576 lfraudauo
659 3519 687 3575 V
742 3521 870 3577 eneruis
895 3521 921 3574 V
974 3521 1052 3593 set]
1072 3522 1103 3575 at

86 3591 130 3645 uel
153 3593 185 3644 ut
209 3591 271 3645 Tell
295 3596 299 3655 l
328 3608 400 3661 pene
426 3592 451 3644 V
475 3593 558 3662 plene
582 3593 728 3662 Lupdoo„
751 3609 820 3648 cor-r.
842 3593 904 3647 Tou
929 3595 934 3659 Ι
959 3592 1102 3662 obsequiis

87 3662 188 3730 Peiper
210 3661 334 3730 exequiis
353 3680 387 3717 esc
406 3664 518 3732 exequie
532 3681 578 3731 pr.
604 3663 629 3715 V

159 3750 197 3804 XI
222 3758 237 3803 2
258 3751 435 3821 interrupisti
454 3753 552 3821 Pciper
569 3753 706 3822 inrumpis
724 3752 809 3808 mesti
833 3754 858 3806 V
877 3755 881 3820 Ι
901 3768 1019 3808 aceruus
1043 3752 1070 3807 V

78 3820 233 3878 onomr'ne
260 3823 287 3876 V
300 3840 370 3880 corr.
392 3825 492 3895 Pcipcr
547 3823 674 3878 tbreuis
701 3825 726 3878 V
777 3830 794 3880 8
814 3824 917 3880 afflatis
942 3823 991 3893 V}
1014 3824 1101 3896 quod]

57 3893 89 3956 fi
105 3909 161 3949 ceu
182 3897 196 3964 l
218 3897 308 3956 deleto
320 3904 391 3972 post
410 3897 529 3956 calamis
546 3901 661 3970 pauco.
