2430 4274
509 554 751 621 ..383-

590 796 675 853 XVII.

267 900 342 961 ote’
363 901 447 960 ἔλαθ’
466 900 571 975 ’streton
587 901 652 960 οίὸν
670 898 823 973 ἀρηίφιλον
840 901 994 960 Μενέλαον

267 976 431 1033 Actoriden
450 992 561 1031 mesum
580 991 633 1030 nec
650 975 694 1043 te,
712 975 853 1040 Menelae,
871 974 984 1030 fefellit.

192 1102 289 1170 Circa
315 1105 548 1188 interemptum
570 1101 757 1167 Patroclum
785 1123 895 1188 pugna
922 1103 1141 1168 contrahitur:

123 1214 197 1259 cum
221 1191 342 1257 diuersi
365 1193 525 1257 exercitus
544 1190 723 1272 tenderent,
746 1189 871 1273 Graeci,
894 1210 1012 1275 corpus
1031 1197 1072 1258 ut
1090 1193 1140 1259 de

122 1280 303 1361 tenderent,
326 1279 471 1363 Troiani,
492 1283 530 1344 ut
553 1279 593 1343 ad
613 1279 788 1344 ludibrium
812 1279 950 1344 cadauer
969 1280 1173 1364 eriperentt

124 1392 144 1435 a
170 1367 317 1434 Menelao
344 1366 542 1452 Euphorbus
573 1366 731 1432 occiditur
757 1375 792 1432 et
818 1367 858 1433 ad
886 1369 1141 1435 ostentationem

125 1458 260 1543 gloriosi
295 1455 450 1522 facinoris
489 1455 629 1521 Achillis
666 1456 790 1521 exuuiis
827 1454 949 1521 Hector
987 1463 1142 1524 armatur.

125 1543 319 1611 Antilochus
342 1544 383 1608 ad
402 1545 563 1610 Achillem
587 1545 721 1609 nuntius
740 1544 841 1611 cladis
860 1549 1012 1630 acceptae
1032 1544 1142 1611 Mene·

123 1633 178 1698 lao
200 1634 345 1698 instante
368 1633 512 1699 festinat.
549 1633 605 1718 qui
628 1637 661 1698 et
683 1633 754 1717 ipse
772 1636 886 1717 postea
904 1655 978 1699 cnm
996 1633 1141 1700 Marione

122 1720 210 1786 intra
232 1721 397 1787 naualium
421 1721 623 1787 munimenta
646 1743 681 1786 se
703 1721 827 1806 recipit,
850 1742 922 1788 cum
943 1725 1017 1787 tota
1036 1723 1140 1790 moles
1159 1740 1188 1788 ιο

125 1810 203 1875 belli
227 1833 246 1876 a
268 1810 417 1876 Menelao
442 1810 597 1877 Aiacibus
621 1809 809 1896 ingruisset.

581 2037 680 2092 XVlll.

277 2136 326 2205 Ὦς
345 2138 374 2198 οἱ
390 2139 441 2224 phe
461 2142 606 2226 pdovnvco
624 2142 713 2224 cepae
731 2140 820 2225 noodr
838 2141 1008 2212 αἰθομένοιο

284 2213 359 2268 Dum
377 2212 446 2268 funt
462 2231 493 2268 ιο
511 2215 605 2268 medio
624 2213 694 2268 ualli
713 2214 756 2269 uis
774 2229 860 2284 ignea
876 2213 976 2270 Martis

192 2340 336 2406 Achilles
360 2342 394 2406 in
418 2342 637 2406 miserabilem
660 2341 791 2407 modurn
809 2340 954 2406 Patrocli
978 2341 1076 2407 deflet
1094 2343 1139 2407 iu-

123 2428 267 2495 teritum.
305 2452 400 2514 quem
422 2431 456 2495 ui
480 2430 602 2496 doloris
626 2431 775 2495 affectum
800 2429 1048 2495 consolantibus
1071 2452 1139 2496 uer·

125 2518 176 2584 bis
198 2522 304 2584 mater
327 2520 517 2603 alloquitur:
543 2539 603 2583 nec
625 2519 767 2583 inultum
791 2519 929 2583 amicum
952 2517 1026 2583 fore
1049 2518 1168 2604 polii-t

124 2628 200 2673 cens
223 2608 421 2691 perlaturam
444 2627 515 2672 sese
533 2606 672 2671 Vulcani
696 2629 787 2672 arma
804 2606 979 2690 promittit
1017 2607 1140 2672 interea

124 2700 158 2760 et
179 2694 244 2761 Iris
268 2697 309 2761 ab
332 2695 456 2761 lunone
480 2695 675 2780 demittitur,
700 2697 791 2761 cuius
814 2696 976 2759 instantia
994 2693 1139 2761 Achilles

123 2789 216 2849 extra
238 2785 360 2850 uallum
383 2805 578 2869 quamquam
602 2783 735 2848 inermis
755 2783 920 2867 egreditur
938 2784 1137 2849 conterritis·

124 2894 186 2956 que
218 2872 368 2937 Troianis
400 2896 498 2957 super
531 2873 613 2937 alios
647 2873 719 2937 aliis
750 2871 1044 2956 praecipitantibus
1077 2873 1139 2938 late

123 2960 203 3045 fuga
226 2964 259 3024 et
280 2960 379 3025 latius
401 2960 542 3027 formido
565 2962 753 3046 porrigitur.
792 2960 969 3046 eodemque
992 2964 1138 3046 tempore
1156 2974 1182 3023 ιο

123 3051 158 3112 et
189 3046 355 3112 Vulcanus
387 3054 539 3114 exoratus
573 3072 592 3115 a
624 3049 762 3114 Thetide
795 3053 867 3114 tota
898 3053 1008 3130 nocte,
1044 3072 1138 3134 quam

123 3136 223 3220 longa
241 3140 299 3219 est,
319 3137 473 3202 caelestia
491 3140 525 3202 in
544 3138 684 3223 gratiam
699 3137 873 3222 Nymphae
893 3148 983 3202 arma
998 3141 1138 3205 molitur.

194 3362 272 3418 XVII
293 3369 306 3417 1
327 3359 404 3436 vida]
422 3382 487 3434 yrcn
500 3366 527 3418 P
580 3371 596 3420 6
615 3364 785 3434 euphorbius
797 3365 838 3418 P·
891 3369 908 3420 8
927 3363 1108 3421 antilocnsP

124 3433 267 3558 tgulargte
285 3434 314 3490 P
375 3441 407 3489 11
428 3453 445 3490 a
463 3436 591 3490 menelao
610 3436 743 3491 hiacibua
764 3437 864 3506 Peipcr
888 3436 1017 3491 menelao
1036 3440 1067 3491 et
1084 3435 1136 3490 aia

124 3520 151 3558 ci
171 3521 204 3558 us

195 3590 286 3648 XVlll
314 3594 419 3648 rualli
438 3595 585 3664 Ηοίοοίοο,
604 3595 672 3651 belli
692 3595 741 3666 ΡΙ
765 3595 850 3650 marti
870 3595 899 3648 P
969 3596 1137 3652 tafflictom

123 3662 260 3719 Flortdus
315 3665 405 3732 ‘lyris
426 3666 472 3733 ΡΙ
488 3667 647 3721 demittitur
666 3666 725 3734 1²¹1
741 3661 834 3721 achill'
850 3665 878 3721 P
928 3668 1101 3723 8inhermis
1115 3666 1141 3720 P

162 3733 257 3790 cleu
277 3736 305 3789 P
377 3742 408 3789 11
428 3736 557 3792 thethide
576 3738 605 3791 P
675 3735 899 3808 1anympl1aP
