2430 4274
480 528 781 594 -ao--

78 687 234 756 Solstitia
256 690 291 752 et
312 685 457 773 gelidum
479 685 620 753 Boream
643 685 888 772 Septembribus
911 688 1010 756 horis.

76 777 234 844 Mordeat
258 777 425 842 autumnis
447 776 553 862 frigus
577 777 696 843 subtile
718 777 844 863 pruinis
1066 795 1099 845 ιο

77 867 125 933 Et
147 869 287 932 tenuata
308 867 410 931 moris
433 871 538 931 cesset
561 866 778 931 mediocribus
802 870 919 932 aestas.

79 955 269 1021 Sementem
292 953 400 1020 Notus
423 955 582 1038 umificet,
606 955 649 1020 sit
671 954 789 1020 bruma
811 954 944 1038 niualis,
1112 970 1139 1012 1⁵

79 1044 170 1109 Dum
193 1047 288 1128 pater
312 1044 437 1128 antiqui
460 1046 638 1109 renouatur
660 1042 798 1109 Martius
822 1044 906 1108 anni.

101 1135 221 1217 (rann,
235 1149 335 1198 vum:
353 1149 468 1198 novvs
478 1150 584 1216 anun,
593 1150 691 1198 vam:
705 1149 891 1199 annovsrs
901 1148 994 1212 vam,
1005 1134 1100 1218 son>

79 1218 192 1307 Spiret
215 1221 350 1287 odorato
372 1220 489 1287 florum
511 1244 598 1288 noua
619 1223 729 1307 gratia
751 1219 850 1287 Maio.

78 1309 184 1375 Iulius
212 1314 245 1375 et
267 1313 393 1395 segetes
417 1313 537 1395 coquat
559 1315 592 1376 et
614 1333 704 1376 mare
726 1313 887 1396 temperet
908 1309 1020 1394 Euris,
1066 1325 1099 1375 15

80 1397 187 1464 Sirius
211 1397 378 1464 ardentem
402 1420 467 1464 non
490 1403 610 1484 augeat
632 1400 707 1485 igne
730 1399 887 1484 Leonem,
1112 1412 1139 1453 ²⁰

78 1487 235 1552 Discolor
257 1487 410 1552 arboreos
434 1489 539 1552 uariat
561 1487 706 1554 Pomona
729 1511 872 1573 sapores.

79 1575 215 1662 Mitiget
237 1579 424 1659 autumnus,
446 1576 531 1660 quod
555 1580 769 1643 maturauerit
790 1582 912 1662 aestas,

80 1664 125 1730 Et
149 1665 288 1749 genialis
311 1664 417 1730 hiems
440 1670 536 1749 parta
560 1666 623 1730 sibi
646 1666 721 1731 dote
745 1667 882 1731 fruatur.

79 1752 201 1819 Pacem
225 1753 365 1818 mundus
388 1758 468 1838 agat
489 1776 550 1819 neo
572 1755 705 1820 turbida
728 1754 833 1819 sidera
856 1757 1002 1839 regnent
1065 1769 1099 1819 1ο

103 1842 222 1927 (rsus,
231 1859 327 1908 vani:
342 1860 456 1909 novus
471 1859 577 1926 suun,
587 1860 685 1908 vaur:
701 1860 889 1909 annonara
900 1843 1099 1927 venusam>
1114 1855 1139 1896 2⁵

80 1929 184 1996 Nulla
207 1936 296 2012 tuos,
320 1929 474 2014 Gradiue,
499 1932 642 1998 offendat
665 1932 760 1997 stella
783 1935 930 2016 penates,

81 2019 171 2095 Quae
191 2040 258 2083 non
276 2040 379 2102 aequa
396 2021 470 2106 tibi3
494 2043 560 2085 non
580 2018 731 2106 Cynthia,
748 2043 816 2087 non
835 2021 920 2085 celer
938 2019 1041 2086 Arcas

79 2105 255 2172 Finitimus
279 2109 389 2191 terris3
411 2131 479 2173 non
502 2114 553 2193 tu,
576 2108 728 2194 Saturne,
752 2132 902 2194 supremo

79 2195 205 2261 Vltima
228 2196 375 2262 circuitu.
421 2198 534 2282 procul
559 2221 578 2263 a
599 2198 762 2282 Pyroente
785 2203 929 2264 remotus

81 2284 307 2370 Tranquillum
330 2286 521 2370 properabis
544 2287 616 2351 iter.
662 2310 721 2353 uos
745 2288 924 2353 comminus
949 2287 1008 2370 ite,
1065 2302 1098 2350 25
1113 2300 1140 2340 ³⁰

81 2372 189 2438 Stella
213 2374 383 2459 salutigeri
406 2374 495 2439 Iouis
520 2378 553 2440 et
577 2373 748 2460 Cythereie
770 2375 910 2460 Vesper:

78 2461 158 2528 Non
183 2484 339 2547 umquam
362 2463 546 2547 hospitibus
570 2464 677 2528 facilis
701 2462 870 2548 Cyllenius
894 2463 988 2527 absit.

123 2568 220 2635 mun,
234 2568 332 2616 vum:
349 2569 465 2617 novvs
480 2570 586 2630 1111111,
600 2570 697 2616 vaur:
711 2568 901 2617 snuovnun
916 2567 1010 2628 vum,
1025 2566 1099 2615 son.

79 2638 243 2704 Hostibus
268 2640 435 2723 edomitis,
458 2663 522 2725 qua
545 2640 684 2705 Francia
707 2642 809 2705 mixta
833 2639 948 2705 Suebis

78 2727 195 2793 Certat
220 2728 260 2792 ad
284 2728 490 2812 obsequium,
513 2729 615 2794 Latiis
638 2734 675 2794 ut
699 2729 817 2794 militet
841 2728 952 2811 armis,
1064 2741 1139 2793 30³5

79 2816 152 2893 Qua
177 2837 263 2900 uaga
287 2815 496 2882 Sauromates
520 2819 583 2883 sibi
606 2821 756 2883 iunxerat
779 2819 911 2905 agmina
934 2814 1055 2902 Chuni,

79 2903 217 2989 Quaque
241 2903 340 2970 Getes
364 2907 460 2971 sociis
484 2905 633 2972 Histrum
658 2908 846 2973 adsultabat
869 2906 985 2971 Alanis

78 2992 169 3079 (Hoc
192 2993 274 3057 mihi
297 2995 507 3079 praepetibus
530 2996 668 3061 uictoria
691 2998 824 3062 nuntiat
847 2993 935 3081 alis):

155 3192 188 3240 11
215 3188 363 3242 attenuata
385 3188 521 3244 Heinsius
554 3191 558 3256 1
592 3189 677 3244 moris
704 3189 853 3256 Wakefield
880 3187 970 3243 modis
995 3188 1021 3243 V

78 3264 114 3312 12
142 3256 269 3313 umifieot
293 3258 329 3311 V¹
354 3262 359 3328 Ι
383 3260 483 3314 broma
506 3261 574 3329 (ictu
595 3277 678 3330 super
699 3277 717 3315 a
735 3263 822 3329 eraso)
845 3259 871 3314 V
960 3264 992 3313 13
1020 3274 1100 3314 reno·

77 3327 215 3384 batan
285 3335 318 3384 14
336 3331 413 3384 noba
435 3330 471 3384 V¹
544 3337 577 3385 15
597 3334 722 3401 quoquat
741 3331 767 3385 V
839 3338 871 3386 le
890 3331 955 3400 igne
975 3332 1099 3386 leonem:

76 3400 107 3456 el
122 3417 170 3470 pr.
190 3415 258 3455 corr.
278 3417 311 3456 es
330 3418 359 3456 es
378 3403 422 3456 aet
441 3404 471 3455 et
488 3403 532 3457 ael
550 3419 602 3457 em.
621 3418 679 3456 noa
694 3403 810 3471 prorsus
827 3404 906 3468 crosa
924 3419 994 3472 qaae
1006 3407 1099 3471 poste

76 3477 141 3527 erat
160 3472 252 3526 littera
275 3470 302 3525 V
356 3478 387 3526 19
407 3472 517 3542 hiemps
542 3473 577 3526 V¹
633 3479 666 3528 20
686 3472 799 3527 turuida
816 3472 844 3526 V
894 3479 927 3527 22
948 3471 1101 3528 chintiaV

116 3547 152 3597 23
171 3539 297 3596 Finitimi
316 3542 475 3599 Gronouius
491 3548 495 3613 Ι
511 3545 580 3615 non]
599 3560 635 3597 no
658 3543 684 3598 V
752 3550 787 3598 25
806 3544 969 3614 properaris
995 3544 1021 3597 V

76 3619 115 3668 26
134 3611 271 3668 chitcreie
295 3614 321 3667 V
392 3621 425 3669 27
445 3614 530 3686 Nous!
546 3631 680 3683 umquam
697 3617 727 3682 (n
745 3618 832 3684 aare)
853 3616 896 3684 Vt
913 3616 988 3670 adsit
1007 3615 1034 3667 V
1050 3614 1099 3669 ab·

79 3683 121 3738 sit
139 3685 195 3753 (uel
212 3684 272 3739 Nec
290 3702 441 3754 numquam
459 3729 464 3740 .
481 3729 487 3741 .
503 3729 509 3741 .
525 3686 609 3755 adsit)
628 3687 726 3755 Peipcr
806 3692 840 3741 28
863 3687 953 3742 nebus
978 3685 1004 3738 V
1019 3700 1099 3739 reuo-

76 3756 147 3810 bate
172 3754 199 3808 V
268 3762 301 3810 31
321 3757 431 3811 iuraret
455 3758 491 3809 V¹
512 3761 516 3824 Ι
540 3758 614 3812 o'nis
639 3757 665 3811 V
684 3757 795 3812 Chunni
819 3758 945 3824 Vinctus,
965 3772 1016 3810 sua
1034 3757 1051 3810 i.
1072 3773 1096 3810 a.

79 3825 190 3880 chunia
208 3825 324 3883 Schenkl
344 3827 405 3894 Qua
423 3845 498 3897 uaga
516 3827 699 3884 Sauromatae
719 3846 740 3882 s.
759 3829 777 3883 i.
797 3847 822 3884 a.
842 3828 954 3883 Chunus
976 3828 1036 3883 Tell

77 3902 115 3952 32
135 3897 209 3967 getis
233 3897 344 3955 Vcorr.
365 3900 489 3970 Scaliger
507 3905 567 3968 1,7
639 3900 759 3955 83111ἰοί
783 3900 819 3953 V¹
