2430 4274
475 513 694 563 ..cv-

64 657 132 723 379
158 654 298 722 Pontius
326 653 513 721 Paulinus
547 677 585 721 ex
615 654 796 739 Campania
827 655 861 719 in
892 653 1088 740 Hispaniam

157 766 311 810 reuersus
326 742 517 810 Therasiam
533 744 631 827 ducit,
645 749 721 828 post
733 742 935 828 Hebromagi
949 744 1088 810 habitat.

65 875 90 918 a
111 859 179 918 379
203 856 351 916 Paulini
384 857 504 916 oratio
541 859 586 925 (cf.
614 878 642 915 u.
672 861 715 925 17)
748 856 786 914 ad
816 856 985 932 exemplum
1022 857 1088 916 eius

159 947 287 1023 scripta,
306 964 383 1022 quae
402 946 499 1006 estin
516 943 716 1021 Ephemeride
736 944 919 1005 Ausoniana.

67 1048 132 1114 379
159 1069 209 1111 ex.
242 1045 438 1112 Ausonius
467 1045 664 1131 Burdigalae
697 1048 904 1110 commoratur
932 1048 1087 1129 pateruae

156 1135 351 1202 hereditatis
376 1135 493 1220 gratia.
529 1134 576 1199 ibi
598 1133 801 1216 Paulinus,
830 1132 1008 1198 Pellaeus
1032 1134 1088 1217 qui

158 1225 260 1308 uulgo
285 1223 411 1306 dieitur,
433 1222 573 1289 Ausonii
596 1245 636 1287 ex
659 1222 831 1287 Thalassio
855 1244 967 1305 nepos,
990 1243 1088 1286 auum

158 1313 242 1378 uidit
260 1318 415 1386 (Herediol.
429 1318 526 1372 innon:
552 1333 615 1371 oum
629 1318 664 1372 de
680 1317 787 1387 palatio
802 1320 867 1387 post
880 1316 985 1372 multos
998 1332 1087 1372 annos

159 1398 394 1454 honoratissimus
417 1396 522 1467 quippe
544 1397 603 1453 iam
628 1399 725 1452 consul
750 1397 870 1452 redisset
893 1397 930 1452 ad
955 1395 1086 1467 patriam.

159 1469 272 1524 Paulini
290 1468 446 1524 Eucharist.
466 1474 580 1524 43-49.
601 1474 661 1522 332.
681 1473 803 1538 arasqq.
823 1472 896 1538 422).

69 1568 131 1628 379
149 1584 195 1628 ex.
218 1565 267 1626 De
285 1566 481 1626 herediolo.

69 1677 133 1734 379
160 1673 263 1733 Libri
284 1673 325 1732 de
345 1673 467 1733 Fastis
486 1690 553 1732 eum
572 1672 703 1732 earmina
717 1673 756 1730 ad
771 1671 951 1748 Hesperium
967 1674 998 1730 66
1017 1691 1087 1748 sup·

159 1762 317 1839 putatione
336 1754 376 1843 (Ι.
395 1761 435 1820 Π.
456 1764 528 1822 147.
549 1752 627 1841 148)
648 1765 761 1830 (iterum
780 1767 879 1834 postea
897 1764 1033 1833 Gregorio
1052 1780 1087 1818 ex

159 1855 248 1926 praef.
273 1852 352 1909 misai
373 1854 432 1909 nid.
456 1855 493 1908 ad
511 1871 536 1910 a.
556 1854 628 1919 663).
673 1848 759 1908 Circa
781 1849 862 1907 idem
884 1851 1003 1926 tempus
1027 1847 1086 1907 He·

161 1940 260 2016 sperio
293 1939 385 1999 etiam
417 1938 591 2000 Caesares
619 1936 678 1996 XII
701 1957 738 1997 ex
761 1936 903 1997 Suetonio
931 1955 1087 2015 expressos

160 2029 277 2088 misisse
296 2026 425 2087 uidetur.
463 2027 571 2104 quibus
593 2029 700 2103 postea
724 2027 882 2103 quominus
901 2027 939 2085 ad
960 2045 1015 2087 sua
1037 2045 1087 2085 us·

161 2136 218 2193 que
240 2120 378 2193 tempora
404 2117 455 2192 qui
483 2116 678 2192 imperatores
702 2116 823 2175 fuerant
850 2115 983 2194 adderet,
1006 2133 1087 2176 mors

161 2205 325 2282 prohibuit.

71 2308 137 2373 379
162 2305 323 2371 Flauius
355 2305 540 2370 Afranius
571 2303 770 2389 syagrius,
803 2306 844 2369 ab
874 2306 1020 2370 Ausonio
1051 2310 1088 2369 ut
1177 2316 1178 2320 ’

161 2396 291 2460 uidetur
313 2399 498 2476 reuocatus,
526 2393 682 2477 magister
706 2394 886 2458 officiorum
910 2404 947 2465 (a.
962 2411 1013 2458 369
1032 2403 1089 2457 tuit

162 2481 297 2536 notarius.
316 2482 455 2535 Ammiau.
469 2479 587 2534 XXVIII
597 2485 622 2545 2,
633 2485 657 2533 6.
669 2486 693 2533 9.
714 2478 782 2532 Cod.
797 2477 935 2533 Theodos.
946 2478 997 2531 Vll
1009 2485 1050 2544 12,
1061 2484 1087 2531 2.

162 2551 324 2634 Symmachi
343 2551 379 2605 ad
399 2567 462 2605 eum
481 2568 544 2620 epp.
564 2551 714 2604 Iar—107
735 2549 815 2603 annis
834 2555 974 2604 379-381
995 2549 1088 2604 datae.

161 2623 218 2677 urd.
239 2624 274 2677 ad
294 2640 318 2677 a.
334 2627 386 2677 380
405 2627 434 2678 et
453 2625 524 2689 381).

70 2715 137 2781 379
162 2713 353 2779 Aemilius
381 2713 544 2799 Magnus
569 2712 773 2796 Arborius,
803 2711 940 2776 Ausonii
969 2733 1008 2776 ex
1036 2733 1088 2777 so-

160 2825 235 2868 rore
254 2825 364 2887 nepos,
382 2824 489 2867 eomes
509 2824 616 2866 rerum
636 2801 838 2885 priuatarum
856 2809 932 2875 (θοὰ.
949 2810 1087 2866 Theodoa.

161 2889 174 2943 I
189 2895 232 2957 32,
248 2894 272 2943 4.
293 2888 456 2944 Ambrosius
470 2888 504 2942 de
519 2887 611 2942 olfieio
626 2887 744 2941 ministr.
760 2886 798 2942 Ill
814 2893 838 2956 7,
852 2893 896 2943 46.
911 2893 953 2943 48.
973 2886 1087 2958 Epiced.

67 2962 462 3102 3793935ii'hrborius
486 3031 669 3117 praelectus
697 3031 770 3096 urbi
793 3041 870 3105 (God.
891 3041 1028 3096 Theodos.
1048 3040 1087 3094 VI

160 3118 383 3259 {tibiitioxllllll}
399 3124 441 3174 16.
461 3118 566 3187 Sulpio.
587 3117 680 3172 Seuer.
699 3117 765 3173 dial.
784 3117 881 3184 11110,
897 3125 921 3172 6.
947 3118 997 3171 uit.
1013 3117 1087 3171 Mar·

163 3229 361 3329 Auso’nius
380 3264 419 3328 de
439 3262 520 3327 senii
539 3261 698 3327 molestiis
716 3262 924 3347 conqueritur
938 3272 1088 3341 (Protrept

66 3435 141 3509 post
160 3352 563 3490 iinihiiuiiailsonius
586 3447 655 3486 cum
677 3428 738 3487 iam
761 3446 813 3486 sax
835 3429 867 3485 et
889 3427 1017 3504 triginta
1035 3445 1088 3484 au-

162 3538 219 3579 nos
238 3517 364 3594 coniuge
383 3519 464 3577 esset
482 3517 598 3593 orbata,
617 3516 828 3576 Parentalia
846 3516 1000 3575 incohauit
1020 3516 1088 3583 (uid.

162 3600 200 3654 ad
218 3615 243 3654 a.
259 3604 319 3652 343.
345 3598 407 3652 Par.
422 3604 448 3666 4,
463 3603 510 3651 31:
539 3599 683 3665 quaestor,
706 3596 877 3667 praefectus,
897 3597 1002 3651 consul.
1032 3599 1089 3660 9,8

162 3700 214 3755 per
231 3698 335 3737 nouem
354 3685 382 3736 te
401 3681 455 3736 fleo
470 3679 669 3751 olympiadas);
693 3676 746 3735 sed
763 3681 869 3753 postea
888 3675 1007 3734 demum
1022 3693 1090 3732 oum

161 3768 372 3827 Professorum
398 3765 664 3842 Burdigaleusium
696 3765 803 3841 elogiis
836 3764 873 3823 ad
905 3765 995 3823 finem
1024 3780 1091 3837 par·

161 3857 256 3917 ducta
277 3854 379 3915 edidit.
